2950 4934
313 373 380 463 aaa
578 372 581 381 “
678 373 1015 444 Jusrrurrsu
1086 401 1091 408 ·

314 520 386 604 gari.
412 515 521 578 Tamen
546 516 732 599 explicatius,
755 537 869 600 queso,
895 517 1037 578 Malorum
1057 515 1146 600 mtpe
1170 517 1208 578 da
1227 527 1392 579 auctorem.

312 626 485 695 offatm,
500 623 596 684 aiebas
613 645 652 685 ex
664 625 850 686 Terttslliano.
867 622 923 685 Sed
938 623 1035 706 quidl-
1047 647 1083 684 an
1099 647 1156 684 non
1171 637 1200 685 et
1213 624 1297 684 hune
1314 625 1395 684 Deus
1445 705 1446 714 ἵ

313 729 403 792 lecit?
418 747 487 812 ergo
496 730 623 805 malaca,
636 731 760 791 etmda.
779 729 859 790 Lus.
872 729 1045 812 Respondeo
1055 774 1066 806 ,
1077 729 1231 790 Diabolum
1241 743 1394 792 auctorem
1445 725 1446 760 f

314 838 360 911 sni
373 837 428 896 sibi
443 836 512 896 mali
530 834 639 910 luisse,
654 837 744 896 nostri
760 857 915 896 suasorem.
931 835 1104 911 Quomodo?
1117 857 1186 896 nam
1207 835 1292 896 Deus
1315 836 1393 894 laune

314 965 430 1025 quoque
443 945 552 1007 buum
565 941 634 1004 tecit
644 943 777 1024 primitus
787 985 796 1017 ‚
808 941 861 1004 sed
873 943 956 1004 liberi
967 945 1011 1003 sui
1023 943 1133 1003 arbitrii
1145 956 1175 1004 et
1185 945 1300 1025 spontis
1316 967 1325 1002 ε
1339 945 1394 1002 ele·

315 1051 359 1133 git
366 1063 462 1111 autem
471 1051 564 1110 malus
578 1069 651 1110 esse.
669 1050 771 1131 ltaque
780 1051 805 1109 si
816 1051 933 1132 quaeris,
946 1049 1033 1111 Unde
1044 1051 1152 1110 malum
1162 1050 1253 1111 lcum
1262 1050 1393 1110 Darnas-

314 1177 386 1218 ceno
399 1155 493 1217 dicam
508 1180 517 1216 s
534 1183 549 1210 s
564 1155 893 1238 Spontaneevolantatis
903 1156 1015 1216 Diaboli
1031 1157 1188 1217 inventum.
1206 1155 1325 1238 .(1.ib.
1339 1156 1391 1228 IV,

315 1285 380 1347 cap.
393 1263 459 1345 ar.)
469 1263 537 1346 lpse
550 1264 606 1324 sibi
618 1307 627 1336 ,
639 1261 961 1336 etexse,fecit=sieo
974 1261 1237 1322 ruboinrenihili
1250 1275 1296 1322 est
1306 1275 1391 1322 uteu-

315 1370 396 1430 dum.
421 1369 532 1430 Malum
554 1370 632 1429 enim
645 1391 704 1429 aon
721 1383 765 1430 est
779 1369 887 1450 aliquid
907 1369 983 1451 quod
999 1365 1054 1428 Est
1060 1389 1073 1440 ,·
1092 1367 1171 1427 haud
1191 1369 1286 1451 magis
1305 1389 1390 1450 quam

316 1475 470 1547 Tenobrae,
482 1487 532 1534 aut
542 1473 658 1534 Caecitas
671 1498 681 1534 s
693 1473 746 1534 sed
758 1474 898 1534 duntaxat
911 1474 1032 1554 privatio
1045 1486 1074 1532 et
1088 1473 1249 1554 deliquium
1260 1475 1343 1534 boni.
1357 1473 1391 1531 Et

318 1579 385 1640 inde
400 1580 544 1662 aptissima
556 1590 628 1640 ‘voce
638 1579 731 1638 launi
743 1577 884 1640 Beatum
894 1577 1003 1638 dieunt.
1021 1575 1098 1661 Ergo
1108 1599 1166 1638 non
1176 1579 1298 1660 proprie
1308 1579 1391 1639 dixe·

315 1687 371 1746 rim
380 1684 521 1756 Factam,
536 1697 587 1745 aut
596 1684 790 1746 Productus:
805 1684 896 1765 magis
912 1683 1066 1742 admissum
1080 1695 1110 1744 et
1124 1682 1276 1744 inductum
1293 1707 1304 1744 a
1320 1685 1390 1744 sicut

316 1794 375 1852 luci
383 1792 526 1868 tenebre,
538 1791 596 1852 Soli
607 1811 666 1850 nox
679 1789 817 1850 suceedit
831 1789 1008 1850 Creationeua
1016 1791 1109 1872 igitur
1120 1812 1177 1851 non
1189 1813 1289 1872 quare
1301 1815 1310 1848 a
1323 1813 1392 1850 cau-

316 1919 378 1958 sam
392 1910 494 1980 potes;
513 1909 598 1979 atque
619 1917 654 1956 es
667 1906 711 1955 est
727 1894 877 1954 Voluntas.
897 1895 1229 1978 Augustinustsubtditer
1245 1895 1332 1978 (XII
1348 1895 1391 1954 lle

317 2003 402 2064 civit.
417 2025 482 2085 esp.
494 2000 552 2083 6),
563 2001 701 2061 utsoletr
715 2027 731 2054 s
744 1999 822 2060 Mala
836 2001 967 2060 voluntas
981 2013 1025 2062 est
1037 2001 1180 2076 officiens,
1195 2005 1296 2084 operis
1306 2002 1389 2070 mali5

318 2111 398 2171 mlae
410 2123 506 2171 autem
520 2107 681 2169 Voluntatis
696 2108 841 2182 efficiens,
855 2119 897 2168 est
911 2105 993 2168 nihil.
1010 2133 1024 2161 n
1043 2106 1208 2190 iterumque
1221 2107 1311 2192 (cap.
1323 2106 1365 2188 6)
1380 2130 1388 2164 a

294 2229 299 2236 ’
319 2243 334 2270 s
344 2215 437 2278 Nemo
446 2230 553 2300 quem
564 2217 733 2278 efficientem
743 2215 823 2278 male
833 2215 994 2278 Voluntatis
1009 2239 1016 2288 ς
1028 2237 1086 2277 non
1099 2217 1177 2276 enirn
1186 2227 1231 2276 est
1240 2211 1388 2287 Efficieus,

317 2325 370 2387 sed
383 2324 526 2385 Deficiens
543 2347 553 2384 a
568 2324 637 2406 quia
651 2345 705 2388 neo
728 2323 777 2384 illa
791 2323 902 2386 effectio
918 2336 979 2398 est,
995 2323 1047 2384 sed
1062 2321 1194 2386 deiectio.
1212 2349 1227 2376 s
1244 2324 1388 2384 Tenebras

317 2453 403 2494 nemo
417 2430 515 2504 videt;
531 2432 677 2493 silentium
691 2451 776 2494 nemo
790 2431 870 2492 audit
887 2454 896 2489 a
912 2431 1111 2514 intelliguntur
1131 2431 1260 2490 absentia
1275 2441 1389 2489 eontra-

318 2541 445 2612 riorum,
468 2560 533 2620 (pne
546 2547 632 2611 sant3
654 2539 695 2598 ita
712 2535 760 2597 hie
775 2581 783 2610 ‚
804 2537 882 2619 quod
896 2537 1005 2598 Malum
1020 2549 1082 2611 est,
1099 2559 1158 2597 non
1170 2535 1275 2610 vides,
1299 2555 1390 2616 neque

317 2648 434 2729 proprie
449 2646 596 2717 subsistit3
619 2665 714 2726 neque
732 2645 868 2720 omuino,
890 2656 924 2704 ut·
941 2645 1029 2705 verbo
1049 2642 1161 2718 dicam,
1186 2654 1239 2702 est.
1262 2639 1341 2701 Eece
1364 2641 1390 2698 iis

319 2755 462 2837 exemplo.
482 2752 642 2813 Fornicatio
661 2763 740 2812 aetus
756 2763 817 2826 est,
834 2765 863 2812 et
879 2753 992 2826 malus,
1012 2751 1139 2811 subsistit
1158 2762 1187 2810 et
1205 2761 1248 2808 est
1265 2747 1391 2830 aliquid,

319 2861 372 2922 sed
386 2884 420 2922 ea
431 2872 512 2943 parte
524 2882 584 2921 non
597 2859 705 2932 malus,
721 2879 779 2939 qua
793 2870 947 2932 astamus,
963 2857 1143 2939 conjunctio,
1161 2856 1234 2916 aetio
1248 2876 1257 2913 a
1275 2873 1312 2912 ca
1327 2866 1394 2912 tan-

320 2980 401 3042 tum,
424 2989 481 3048 qua
494 2977 596 3049 preter
617 2978 667 3026 aut
682 2978 781 3026 contra
796 2964 890 3026 Deum
906 2967 1024 3046 ejusque
1039 2965 1132 3048 legem
1149 2973 1308 3024 exercetur.
1332 2960 1395 3020 lta·

321 3095 378 3154 que
390 3073 503 3132 initium
519 3071 621 3147 habet,
635 3071 708 3132 Boni
722 3072 897 3156 absentiam
914 3083 1077 3148 auctorem,
1096 3070 1278 3132 Voluntatem
1291 3093 1300 3140 ;
1318 3069 1396 3128 inci·

321 3190 461 3251 tatorosn,
479 3177 645 3238 Diabolum.
663 3177 731 3237 Heu
745 3178 880 3253 subtilia,
900 3189 928 3238 et
947 3189 1048 3237 nostm
1064 3173 1246 3259 Tireologiael
1267 3167 1394 3258 inquies.

322 3281 412 3358 Sunt,
423 3296 453 3342 et
464 3295 598 3344 nonsunt
610 3305 696 3356 3na1u
710 3296 741 3344 et
751 3283 848 3356 Plato,
863 3296 893 3344 et
907 3283 1043 3344 Platonici
1056 3285 1097 3344 sie
1111 3283 1326 3344 adstruxerunt.
1345 3282 1398 3342 Ille

322 3389 390 3448 alibi
406 3388 476 3471 (lib.
493 3388 524 3450 X
543 3389 582 3450 de
602 3389 720 3472 Rep.),
735 3392 766 3450 iu
781 3391 907 3452 oratione
923 3387 1055 3451 Lachesis
1074 3414 1083 3451 a
1108 3389 1235 3451 «Virtus
1246 3389 1398 3450 dominum

242 3482 246 3488 ’
281 3479 284 3483 Ἰ
322 3519 382 3557 non
394 3496 496 3571 habet,
510 3496 601 3558 libera
614 3508 658 3558 est
669 3521 678 3570 ς
690 3519 779 3580 quam
788 3511 820 3559 ut
830 3499 952 3580 quisque
962 3498 1045 3572 colit,
1056 3509 1104 3558 aut
1118 3498 1250 3582 negligit,
1262 3497 1333 3579 plus
1343 3499 1400 3558 mi-

324 3625 413 3665 nusve
428 3625 466 3663 ox
481 3626 517 3664 ea
529 3601 655 3665 hichie.
674 3605 766 3666 Causa
783 3607 914 3690 eligentis
927 3629 935 3665 ε
948 3606 1028 3666 Deus
1041 3617 1136 3666 autern
1147 3617 1227 3666 extra
1237 3604 1370 3686 eulpam.
1386 3631 1397 3654 ν

325 3711 359 3770 lu
374 3711 492 3770 arbitrio
515 3723 544 3770 et
564 3711 709 3772 volume
731 3725 885 3795 utrumque
903 3725 946 3774 est
959 3710 1072 3788 nostra,
1088 3713 1187 3774 Virtus
1201 3711 1398 3793 vitiumque:

328 3814 393 3876 alit
404 3817 541 3877 mulium
555 3817 608 3899 (ait
621 3818 727 3898 Tyrius
745 3819 906 3904 Maximus)
921 3821 1037 3882 libertas
1050 3822 1151 3882 anima
1165 3833 1193 3880 et
1209 3819 1356 3901 parturit,
1375 3831 1401 3878 et

327 3924 443 4004 parit.»
465 3923 539 3982 Satis
552 3925 611 4002 jam
630 3922 697 3984 dedi
717 3924 812 3987 Deum
827 3949 884 3986 non
901 3941 1045 3988 auctorem
1062 3951 1070 3985 s
1090 3937 1197 3988 etcum
1216 3923 1335 3984 Platone
1350 3924 1400 3983 lsoe

327 4028 504 4090 claudimuss
518 4028 637 4104 sDeus,
652 4042 682 4090 et
692 4035 787 4093 omnia
798 4055 859 4115 qua
876 4057 892 4094 a
906 4035 988 4110 Deo,
1006 4055 1118 4115 semper
1132 4046 1160 4094 et
1174 4031 1283 4114 ubique
1292 4033 1401 4114 optime

330 4130 445 4197 habeat.
465 4161 480 4190 s
494 4134 552 4216 (Iu
566 4135 703 4218 Timeo.)
