2950 4934
277 507 347 593 on
643 502 990 575 Jusrrnrrsn

273 651 358 711 certis
377 648 522 732 periodis,
547 669 695 729 nunqnam
719 648 893 709 desintne.»
918 648 1024 723 Aliter,
1049 650 1185 731 inquam,
1210 663 1349 733 postrema

274 755 363 830 dicit,
381 776 427 815 res
445 767 474 816 et
490 755 564 815 ratio
579 753 681 815 eodem
697 754 815 815 eadunt.
836 753 915 813 Perit
928 754 973 817 bic
988 768 1016 816 et
1032 755 1080 815 ille
1100 755 1227 817 Mundus
1242 758 1347 839 igitur:

272 873 303 924 et
314 862 417 921 scitum
430 859 485 919 boe
498 859 625 922 Stoicum
640 858 769 920 Laertius
782 861 823 919 sio
838 861 978 943 expressit
994 884 1002 919 ε
1020 886 1034 913 u
1046 860 1142 921 Placet
1155 862 1192 920 iis
1205 863 1348 943 oormpti·

271 969 360 1029 bilem
377 988 438 1029 esse
456 966 617 1041 Mundum,
637 968 746 1049 quippe
762 968 890 1049 genitum
907 988 941 1027 ea
959 968 1084 1041 ratione,
1102 990 1160 1049 qua
1175 969 1268 1029 solent
1281 991 1350 1029 sen-

271 1078 350 1151 sibus
364 1086 510 1157 percepta.
528 1074 617 1153 Cujus
632 1075 718 1133 etism
731 1086 828 1155 partes
841 1075 1016 1157 corruptioni
1030 1076 1160 1135 obnoxiae
1176 1089 1260 1149 nint,
1279 1076 1311 1136 id
1324 1090 1350 1136 et

272 1194 364 1243 totum
379 1205 388 1241 τ
404 1195 499 1265 partes
523 1195 619 1243 antem
639 1180 747 1241 Mundi
766 1181 836 1241 tales
857 1180 937 1263 (nam
958 1182 1081 1241 invicem
1096 1183 1209 1245 assidue
1233 1196 1352 1243 mutan-

272 1286 354 1370 tur);
373 1310 442 1372 erqo
453 1302 482 1349 et
494 1288 633 1349 Mundus.
648 1286 687 1347 Et
695 1286 835 1368 amplius,
853 1287 960 1369 siquid
974 1290 1162 1349 mutationem
1178 1290 1209 1349 in
1228 1288 1352 1349 deterius

271 1394 414 1469 admittit,
428 1395 613 1476 eorruptibile
629 1406 673 1455 est
685 1417 694 1451 a
707 1392 777 1454 iacit
790 1393 918 1469 Mundus
931 1417 939 1467 ;
957 1416 1025 1455 nem
1043 1396 1200 1469 ammon,
1219 1409 1250 1455 et
1265 1398 1353 1457 inun-

273 1500 367 1568 datur.
384 1526 398 1553 s
416 1500 554 1561 Rationes
573 1498 719 1580 adjunctas
735 1499 816 1561 vides
836 1502 1000 1583 eptimam,
1022 1500 1107 1583 Quod
1124 1503 1234 1579 gentius
1248 1504 1309 1562 sit:
1325 1516 1353 1563 et
1458 1550 1459 1581 q

273 1608 417 1691 quidquid
433 1621 527 1669 ortum
542 1607 646 1682 babet,
663 1601 740 1669 idem
756 1610 854 1675 finem.
871 1609 925 1669 Cui
941 1609 1021 1669 Plato
1035 1607 1115 1692 (nam
1127 1610 1150 1669 is
1164 1611 1354 1671 immortalem

273 1714 431 1798 constituit)
444 1716 486 1775 sie
498 1717 625 1777 occurrit
641 1713 690 1798 (in
705 1715 825 1798 Timaeo)
841 1739 850 1775 a
869 1743 883 1770 α
892 1716 933 1775 Ut
947 1718 984 1775 sit
997 1717 1123 1777 mortalis
1140 1717 1280 1797 quidem,
1299 1738 1354 1798 qun

272 1825 385 1907 genitus
401 1837 465 1895 est;
480 1822 533 1883 sed
550 1845 609 1884 non
627 1824 764 1901 solvetur,
780 1844 875 1905 neque
894 1835 999 1883 sortem
1015 1845 1077 1883 mor
1091 1825 1114 1883 is
1129 1823 1258 1895 subibit,
1283 1846 1354 1905 pro-
1458 1822 1459 1895 Ῐ

270 1942 337 2011 pter
350 1930 405 1991 Dei
420 1929 608 1991 voluntatem.
622 1956 637 1983 υ
647 1928 807 2011 Significat,
825 1930 864 1989 ita
879 1928 985 1989 sactum
997 1928 1181 1989 etconditum
1192 1950 1209 1987 a
1222 1928 1306 2003 Deo,
1321 1941 1354 1989 nt
1458 1902 1459 1921 i

271 2058 309 2103 ne
324 2051 443 2118 pereat;
458 2049 502 2110 et,
517 2058 579 2118 qun
594 2034 768 2110 inducunt,
785 2035 888 2096 desint.
905 2034 1043 2116 Apuleius
1057 2034 1106 2116 (de
1117 2035 1224 2117 Dogm.
1239 2033 1350 2118 Plat.)=

274 2172 289 2199 s
303 2145 349 2205 td
363 2143 423 2205 baee
437 2145 572 2204 attributa
587 2156 630 2203 est
644 2144 671 2203 ei
685 2156 823 2225 perpetua
836 2144 986 2223 juventus,
999 2156 1027 2203 et
1041 2142 1176 2202 inviolata
1192 2142 1350 2203 valetudo:
1458 2204 1459 2211 .

273 2273 365 2333 eoque
385 2252 458 2311 nihii
476 2241 810 2333 preterea'extrinseeus
833 2264 876 2311 est
898 2251 1050 2323 relietum,
1072 2250 1151 2331 quod
1168 2272 1353 2333 eorrumpere
1458 2256 1459 2319 ᾗ

274 2371 372 2440 posset
381 2358 444 2437 ejus
452 2357 601 2440 ingenium
613 2382 621 2429 ;
634 2370 679 2429 et,
694 2357 719 2416 si
728 2370 890 2439 superesset
901 2400 910 2429 ,
922 2377 981 2417 non
992 2376 1057 2415 eum
1069 2351 1199 2428 laederet3
1213 2378 1304 2436 quum
1315 2359 1353 2415 ita
1458 2390 1459 2411 ι

274 2464 352 2545 opud
367 2486 399 2525 se
410 2486 447 2524 ex
463 2466 542 2524 omni
552 2478 632 2546 parte
646 2466 819 2546 compositus
832 2476 918 2545 atque
932 2462 1079 2523 ordinatus
1093 2461 1184 2535 foret,
1202 2474 1236 2521 nt
1247 2462 1354 2523 adem*-

274 2573 410 2632 sentinet
425 2572 566 2632 eonnaria
581 2583 688 2631 namne
705 2570 918 2651 disciplinaque
931 2570 992 2649 ejus
1005 2566 1120 2628 officere
1131 2589 1191 2629 nou
1203 2580 1353 2649 possent.»
1458 2608 1459 2615 .

272 2678 474 2761 Trismegistus
489 2675 545 2760 (ut
561 2676 657 2759 saepe)
670 2677 717 2736 bie
736 2698 853 2759 quoque
875 2676 1043 2736 Plnmnissat
1055 2673 1136 2757 (cap.
1154 2672 1197 2757 8)
1213 2698 1223 2732 s
1242 2702 1257 2729 «ι
1272 2674 1357 2735 Pater

273 2782 399 2880 (Deus)
420 2786 482 2866 ipse
497 2806 514 2845 a
529 2806 560 2847 se
574 2797 695 2844 aeternus
715 2806 723 2841 a
738 2782 867 2843 Mundus
884 2796 979 2844 autem
995 2804 1010 2840 a
1029 2778 1112 2841 Patre
1127 2802 1242 2864 semper
1255 2783 1356 2842 vivens

275 2904 305 2953 et
327 2892 496 2951 immortalis
521 2905 565 2951 est
589 2889 690 2950 faetus.
707 2916 722 2943 n
741 2890 838 2951 Altera
862 2890 1019 2951 Stoicorum
1044 2890 1132 2961 ratio,
1154 2887 1241 2969 Quod
1259 2899 1358 2969 prutes

275 2997 381 3059 Mundi
392 2998 594 3079 corruptibiles.
612 2997 657 3056 lta
669 3010 725 3070 est,
738 2996 881 3057 elementa
893 2994 1012 3069 docent,
1030 2995 1131 3075 etipse
1144 2994 1234 3055 other
1247 3018 1255 3052 s
1269 3016 1358 3075 quem

276 3118 373 3166 temen
390 3106 555 3168 Aristoteles
566 3105 657 3165 voluit
671 3116 846 3185 exemptum.
860 3103 957 3167 Nostri
976 3102 1112 3176 minime,
1129 3100 1181 3162 sed
1194 3100 1274 3161 hunc
1284 3124 1361 3183 quo-

277 3234 334 3293 qne
353 3213 449 3293 pssci‚
466 3212 576 3285 minui,
591 3211 665 3271 verti
687 3211 765 3270 etin
786 3230 882 3271 aerem
900 3210 981 3269 solvi.
1004 3210 1034 3271 Si
1055 3222 1178 3291 quatuor
1193 3210 1359 3281 elementa,

274 3321 299 3379 si
315 3342 350 3379 es
364 3342 427 3400 quae
445 3340 481 3379 ex
499 3319 545 3378 his
562 3331 647 3388 nata;
663 3338 732 3399 ergo
749 3328 824 3376 totus
841 3315 979 3377 Mundus.
996 3315 1146 3377 Lucretius
1159 3318 1272 3399 pariter
1287 3340 1360 3377 con-
1458 3348 1459 3411 p

275 3425 366 3486 cludit
375 3425 443 3507 (lib.
463 3424 503 3499 V,
519 3422 579 3485 236
595 3438 625 3485 et
637 3421 760 3505 seqq.):

435 3556 569 3623 Principio
578 3555 698 3623 quoniam
707 3556 788 3604 Terrai
797 3572 901 3623 oorpns,
914 3561 939 3603 et
952 3555 1057 3617 Humor,

442 3649 610 3713 Auroramque
618 3645 685 3695 leves
696 3646 782 3695 animas
793 3681 801 3706 ‚
814 3642 936 3713 calidique
949 3662 1050 3714 vapores
1061 3682 1068 3707 ,

447 3734 625 3805 Equibnshaee
637 3752 719 3786 rerum
734 3736 863 3785 consistere
874 3752 971 3785 summa
981 3717 1087 3796 ridetur,

444 3829 535 3878 Omnia
544 3820 628 3877 nativo
637 3844 666 3877 ao
676 3826 774 3877 mortali
784 3842 885 3895 corpore
897 3830 1010 3876 constant
1024 3844 1030 3875 :

442 3918 521 3968 Debet
532 3924 585 3968 tota
596 3915 779 3967 eadom'btnndi
790 3922 877 3967 natura
887 3917 979 3985 putari.

271 4040 386 4112 Debet,
398 4058 452 4097 nee
469 4035 548 4095 Plato
563 4035 617 4096 hoe
632 4034 759 4113 rejiciat,
775 4034 830 4093 nisi
843 4045 923 4092 scuto
937 4034 1042 4093 iterum
1056 4046 1203 4115 assumpto
1220 4056 1237 4095 ι
1251 4035 1360 4095 volun-

272 4160 331 4207 tate
351 4145 457 4207 diuina.
482 4144 579 4203 Tertia
598 4143 690 4215 ratio,
710 4140 795 4223 Quod
807 4138 994 4203 Mutationem
1017 4144 1046 4201 in
1066 4142 1187 4203 deterius
1214 4144 1355 4203 odrnrfflt.

271 4254 437 4315 Verissime.
461 4250 561 4325 «Quid
577 4251 653 4309 enim
667 4246 727 4329 (ait
742 4248 855 4321 Noster,
872 4245 964 4328 Epist.
983 4247 1075 4329 ιω)
1088 4252 1255 4312 mutationis
1266 4250 1355 4332 peri-
