2950 4934
325 459 392 553 670
701 458 854 528 JUSTI
877 458 1037 527 LlPSll

326 620 408 671 sum,
423 600 473 661 eod
484 613 596 665 tanturn
607 600 645 663 ad
655 600 822 663 Vivendum
832 601 1019 665 vuimdinem
1029 600 1235 685 (potentiam).
1248 604 1331 663 Hanc
1345 606 1395 665 vin

324 711 356 771 in
368 721 466 771 nocuo
479 730 599 791 corpore
613 726 782 791 permanare
798 710 869 771 dicit
881 710 920 771 ad
932 731 1016 785 ossa,
1030 732 1158 792 ungues,
1173 711 1292 791 capillos
1308 734 1316 769 ι
1332 714 1396 771 sicut

326 801 357 875 iu
373 813 485 877 Mundo
499 817 616 877 arbom
630 817 694 879 sine
710 817 804 879 Senon
822 818 953 891 aluntur,
971 830 1000 877 et
1013 830 1145 877 crescunt
1155 830 1213 891 „et
1225 817 1313 877 modo
1327 840 1397 899 qno-

260 976 264 986 ,
325 921 392 983 dam
406 943 460 981 suo
473 922 584 983 uiuunt.
599 922 763 985 Secundum
775 922 905 985 Gradum
920 924 1009 997 dicit,
1025 923 1056 983 in
1068 945 1126 1005 quo
1141 935 1185 983 est
1195 922 1302 985 Sensus
1312 948 1320 996 ;
1331 924 1398 983 lianc

323 1031 383 1091 rim
403 1029 558 1110 pervenire
579 1031 609 1087 in
633 1029 759 1105 ΟοιιΙω,
783 1032 894 1105 Aures,
911 1030 1022 1104 Nares,
1047 1028 1107 1105 Os,
1124 1030 1258 1089 Taetrum.
1275 1032 1398 1091 Tertium
1463 1038 1464 1047 ’

324 1136 455 1199 (indum
469 1138 578 1197 Anime
591 1158 654 1197 osse
667 1158 829 1213 summum,
846 1140 895 1219 qui
911 1149 1029 1197 vocatur
1044 1138 1183 1211 iluimus,
1200 1139 1231 1196 iu
1244 1159 1304 1219 qno
1318 1138 1399 1197 Intel-

322 1246 441 1327 lipentie
453 1245 619 1325 praeminet
629 1266 638 1303 e
650 1242 724 1318 hoc,
736 1256 839 1326 preter
850 1242 1024 1317 Hominem,
1036 1264 1135 1303 omnes
1146 1261 1246 1303 carere
1258 1245 1397 1303 mortales.
1463 1278 1464 1319 ι

325 1350 363 1411 ln
375 1372 448 1431 qun,
466 1351 604 1429 quoniam
618 1348 749 1410 homines
763 1349 827 1409 Deo
839 1348 975 1411 videntur
986 1370 1048 1409 esse
1061 1350 1186 1420 similes;
1202 1349 1279 1409 lianc
1296 1362 1400 1430 partem

323 1459 434 1519 Anime
449 1457 572 1531 Mundi,
594 1458 665 1519 dicit
679 1458 794 1532 Deum,
819 1459 850 1518 in
868 1458 951 1519 nobis
973 1472 1068 1519 autem
1086 1457 1213 1519 Genium
1232 1458 1341 1517 vocari.
1359 1458 1400 1519 Sic
1463 1498 1464 1545 3

323 1588 391 1649 ergo
405 1578 434 1625 et
450 1567 555 1626 Animo
568 1564 693 1640 Mundi,
710 1578 768 1625 tres
787 1564 892 1649 gradus
911 1567 1079 1639 instituens,
1094 1586 1182 1627 unam
1209 1567 1273 1645 ejus
1297 1578 1401 1648 purtem
1463 1554 1464 1625 l

323 1673 393 1733 dicit
415 1694 477 1733 esse
500 1672 624 1753 Lapides
646 1684 676 1732 et
691 1670 801 1755 Ligna,
822 1685 851 1733 et
864 1672 939 1732 hanc
954 1684 1060 1733 terram
1077 1694 1163 1755 qurum
1178 1670 1333 1745 videmus,
1350 1694 1401 1753 qno
1463 1738 1464 1745 ἵ

322 1802 381 1841 non
395 1792 545 1863 permanat
558 1778 665 1839 Sensru
679 1802 688 1839 c
702 1790 736 1838 ut
751 1800 833 1850 ossn,
851 1791 880 1839 et
900 1798 1010 1861 ungues
1024 1778 1091 1839 Dei.
1117 1779 1213 1839 Solem
1227 1800 1322 1853 vero,
1349 1777 1402 1837 Ln-

323 1909 408 1961 nam,
422 1887 535 1959 stellas,
550 1908 613 1966 qun
629 1886 784 1957 unumne,
805 1885 966 1965 quibusque
980 1885 1042 1967 ipse
1065 1886 1170 1960 sentit,
1196 1906 1261 1967 qum
1275 1886 1402 1967 pervenit

322 1994 354 2052 in
363 2006 453 2066 astra,
468 1990 562 2051 lacere
574 1990 670 2062 Deos;
685 2003 714 2051 et
727 2012 780 2071 per
794 2012 858 2051 eam
870 1990 947 2071 quod
957 1991 988 2049 in
999 1991 1117 2051 Terram
1129 2004 1301 2071 permanat,
1315 1988 1401 2049 Deam

321 2098 466 2158 Tellurem
477 2121 485 2168 ;
502 2096 582 2177 quod
592 2110 689 2158 nutem
700 2098 731 2155 in
742 2118 822 2157 more
832 2108 918 2177 atque
932 2096 1097 2172 Oceanum,
1112 2097 1208 2157 Deum
1222 2118 1288 2157 ease
1299 2098 1403 2179 Neptu·

321 2228 403 2265 num.
417 2231 431 2257 ιι
451 2203 574 2265 Pulchra
588 2205 661 2276 ista,
677 2225 731 2283 pro
746 2204 834 2263 veteri
858 2202 1038 2285 philosophia
1056 2228 1065 2262 a
1083 2216 1113 2264 et
1126 2225 1188 2286 qun
1211 2206 1282 2264 tulin
1305 2208 1403 2266 merito

322 2312 498 2373 desiderium
523 2313 664 2372 raucitant
688 2312 859 2393 scriptorum
876 2311 1034 2385 Varronis,
1061 2332 1123 2393 qun
1144 2314 1272 2393 pessimo
1291 2314 1404 2394 publico

322 2420 481 2501 perierunt.
502 2418 562 2479 Sed
576 2418 750 2490 lustremus,
768 2429 798 2476 et
817 2417 964 2477 adeamus.
990 2415 1105 2477 Grndn
1127 2417 1273 2499 appellat,
1299 2440 1317 2477 a
1336 2440 1404 2499 prr·
1463 2476 1464 2507 ,

322 2528 443 2595 stantin;
457 2538 486 2585 et
496 2526 564 2607 quin
578 2525 634 2583 alia
648 2523 767 2583 incultas
778 2523 863 2582 oliam
874 2566 883 2597 ,
894 2523 975 2605 quasi
987 2544 1109 2583 ascensu
1118 2524 1263 2605 quodam,
1279 2526 1403 2585 excedit.
1463 2520 1464 2539 ¹

322 2634 425 2695 Partes
437 2633 488 2713 qni
503 2632 621 2702 dicunt,
637 2648 739 2710 parum
754 2630 869 2710 proprie
884 2628 964 2709 loqui
978 2630 1122 2705 videntur,
1138 2632 1206 2712 quia
1226 2658 1241 2684 ιι
1255 2631 1329 2691 Pars
1345 2646 1404 2699 est,

322 2762 385 2820 qun
401 2738 530 2817 subjecto
541 2780 550 2811 ,
565 2735 676 2810 formu,
693 2746 723 2794 et
735 2734 882 2795 iunctione
894 2736 931 2795 nb
941 2735 996 2795 alia
1009 2748 1091 2818 parto
1104 2736 1199 2797 differt
1210 2761 1219 2796 a
1233 2750 1263 2798 nt
1274 2738 1407 2799 Fundus

323 2848 353 2905 in
374 2848 476 2905 eodem
496 2844 624 2923 subjecto
641 2856 701 2918 est,
725 2855 754 2902 et
774 2842 871 2923 plures
890 2863 952 2903 esse
970 2855 1108 2923 possunt,
1130 2844 1291 2925 quantitate
1310 2858 1406 2905 tamen

205 3011 209 3023 ,
322 2973 381 3011 non
397 2951 534 3010 discretn.
546 2948 626 3008 Sicut
635 2949 713 3030 pomi
721 2946 869 3007 facultates
884 2968 983 3007 omnes
999 2949 1031 3006 in
1045 2968 1104 3007 uno
1118 2962 1296 3020 cernuntur;
1312 2965 1407 3032 partes

324 3056 384 3117 oliae
399 3056 467 3116 alibi
482 3056 623 3115 exsistunt
638 3052 803 3136 (Porphyr.
831 3052 908 3134 apud
928 3050 1007 3113 Stob.
1021 3049 1045 3135 ).
1058 3080 1071 3106 ι
1097 3054 1135 3113 lt
1156 3066 1335 3117 excusantur
1358 3058 1406 3139 qui

324 3167 365 3224 sic
383 3164 489 3234 locuti,
513 3162 581 3243 quia
605 3162 659 3219 etsi
694 3182 774 3241 uper
801 3180 832 3218 se
857 3158 975 3239 quidem
999 3160 1101 3219 Anima
1130 3162 1261 3241 partibus
1291 3177 1406 3234 carent,

325 3282 420 3329 tumen
431 3268 542 3349 corpori
563 3267 693 3349 portibus
709 3266 851 3325 constanti
872 3278 916 3323 est
934 3264 1042 3339 indito,
1065 3286 1098 3325 ac
1115 3267 1209 3325 varius
1230 3268 1296 3347 ejus
1312 3282 1408 3351 partes

324 3376 411 3435 voriis
428 3373 621 3433 functionibus
648 3383 787 3453 occupat,
811 3384 840 3431 et
859 3392 892 3432 eo
915 3384 1047 3451 respectu
1068 3370 1165 3433 Partes
1186 3372 1287 3435 habet.
1306 3376 1409 3457 Neque

325 3483 404 3542 enim
420 3480 521 3541 endem
545 3479 653 3539 iunctio
670 3490 759 3561 caput
780 3490 879 3551 tenet,
900 3491 929 3539 et
952 3490 1071 3559 pectus,
1095 3491 1124 3539 et
1144 3481 1236 3561 jecur.
1251 3506 1267 3535 ι
1294 3482 1410 3565 (ibid.)
1463 3542 1464 3551 ,

324 3588 382 3649 Sed
399 3584 444 3647 his
467 3588 598 3659 omissis,
613 3586 706 3645 Varro
724 3586 813 3667 igitur
833 3596 890 3645 trca
911 3583 1025 3645 Gradus
1040 3584 1108 3647 lecit
1124 3610 1132 3645 a
1150 3586 1410 3669 Peripateticos-tun
1463 3626 1464 3661 ι

324 3698 412 3757 etium
431 3695 499 3754 ritu.
521 3694 620 3753 Unum
641 3692 716 3751 Vita
734 3704 864 3765 tuntum,
881 3712 968 3773 quiem
987 3696 1128 3776 ,θρεπτικόν
1144 3693 1256 3769 Greci,
1274 3697 1410 3759 Alam

325 3803 451 3874 Plinius,
470 3800 556 3860 hodie
576 3798 606 3857 V
604 3809 758 3876 egebamus
774 3799 884 3861 dicunt.
904 3799 990 3859 Hunc
1008 3802 1102 3883 ipsum
1121 3804 1151 3862 in
1165 3802 1279 3879 Mundo
1292 3804 1411 3888 (melius

323 3908 442 3969 fortasse
458 3906 576 3975 Mundi,
598 3906 646 3964 vel
661 3906 826 3975 Mundam,
845 3927 949 3989 nempe
966 3906 1099 3990 corpore)
1112 3910 1214 3991 punit:
1227 3924 1258 3969 et
1273 3914 1410 3982 arbores,

324 4016 435 4095 plantas
444 4037 478 4074 ec
488 4015 556 4073 tnlia
566 4013 697 4073 includit.
710 4012 782 4073 Num
794 4026 958 4094 perseverut
968 4014 996 4074 in
1008 4014 1061 4075 hac
1071 4018 1288 4097 comparatione
1299 4022 1411 4081 Anima·

325 4121 448 4192 Mundi,
473 4144 539 4181 eum
560 4106 664 4180 Animo
679 4120 833 4193 Hominis,
852 4132 880 4179 et
896 4120 1048 4203 utrobique
1069 4123 1148 4203 pnria
1177 4124 1318 4185 ostendit.
1341 4128 1413 4187 Ter-

326 4226 383 4283 tius
397 4238 492 4284 autem
507 4225 621 4285 Gradus
633 4227 751 4299 animm,
768 4226 875 4308 inquit,
896 4252 909 4281 ι
921 4240 963 4289 est
975 4250 1102 4289 summus
1112 4272 1120 4303 ,
1132 4229 1183 4309 qui
1193 4230 1320 4293 Animus
1327 4256 1413 4294 vnn·
