2950 4934
393 397 665 468 nalsnona
688 397 832 466 xcrv.
1114 431 1160 498 97

89 525 247 612 cladibus,
264 531 301 596 in
316 551 385 622 qna
404 526 559 595 eruditus
573 541 642 607 est,
660 525 809 619 incipit?
826 529 907 618 qui,
928 527 1019 619 quod
1036 530 1161 620 cuique

88 650 244 740 optimum
260 660 314 714 est
323 695 335 732 ,
352 645 460 738 eripit
472 671 481 730 3
494 641 737 712 Lacedaemona
751 648 760 678 ¹
777 644 905 712 servire
919 643 1019 736 jubat
1028 695 1039 734 ‚
1053 645 1163 714 Athe-

89 788 142 831 nas
159 781 274 832 tacere
287 790 299 846 ς
319 785 390 830 non
408 775 587 829 contentus
600 774 649 828 tot
663 761 837 829 civitatum
851 777 986 854 strage,
1006 787 1091 854 quas
1104 777 1164 832 aut

88 878 208 946 vicerat
230 877 435 970 Philippus,
460 891 518 943 aut
539 890 687 957 emerat,
708 875 792 944 alias
812 875 879 944 alio
903 876 976 944 loco
999 879 1160 971 projicit,

89 1010 119 1062 et
129 1011 199 1062 toto
216 993 304 1062 orbe
323 1015 418 1061 arma
434 992 649 1079 circumfert3
670 1015 733 1059 nec
748 991 900 1060 subsistit
916 1017 1059 1085 usquam
1076 995 1164 1063 lasea

88 1110 288 1191 cmdelitae,
314 1109 511 1176 immanium
536 1108 684 1176 ferarum
703 1107 824 1193 modo,
844 1133 919 1202 qum
936 1109 1033 1203 plus,
1060 1135 1163 1203 quam

89 1227 187 1320 exigit
202 1226 324 1306 sames,
343 1221 604 1292 mordentiiam
617 1225 653 1290 in
664 1248 770 1292 unum
781 1249 926 1318 regnum
938 1227 1043 1294 multa
1055 1251 1164 1321 regna
1187 1249 1220 1304 sa

88 1344 231 1436 conjecit
241 1371 251 1427 ς
262 1342 336 1434 jam
345 1342 458 1410 Graeci
470 1341 650 1432 Persaeque
664 1340 819 1408 eumdem
836 1343 1165 1435 timen13jametiam

88 1458 224 1525 aDario
237 1455 357 1522 liberae
373 1454 528 1520 nationes
536 1453 657 1547 jugum
672 1457 847 1549 accipiunt
862 1482 869 1522 :
886 1459 912 1524 it
925 1462 1059 1524 tamen²
1074 1458 1165 1526 ultra

88 1576 258 1643 Oceanum
285 1571 481 1662 solemque,
509 1568 710 1662 indignatur
731 1573 776 1640 ab
795 1573 953 1642 Herculis
978 1573 1165 1668 Liberique

88 1691 239 1784 vestigiis
257 1689 435 1756 victoriam
455 1687 613 1773 flectere3
640 1690 705 1782 ipsi
723 1705 852 1759 naturae
872 1693 940 1760 vim
965 1709 1073 1785 parat.
1090 1698 1167 1762 Non

92 1808 149 1875 ilie
165 1809 222 1874 ire
238 1803 329 1900 vult,
352 1801 412 1872 sed
431 1825 499 1870 non
518 1819 628 1896 potest
647 1819 756 1892 stare3
775 1830 844 1874 non
866 1808 979 1891 aliter,
1005 1833 1105 1900 quam
1128 1813 1166 1878 in

91 1945 241 2015 praeceps
267 1919 399 2010 dejecta
425 1918 598 2011 pondera,
625 1920 749 2012 quibus
774 1921 879 1990 eundi
905 1924 985 1992 finis
1012 1940 1083 2006 est,
1110 1926 1168 2018 ja-

91 2041 214 2106 cuisse.
241 2039 294 2106 Ne
311 2037 377 2104 Cn.
396 2033 534 2126 quidem
563 2031 748 2128 Pompeio³
767 2052 907 2107 externa
931 2038 1021 2106 bella
1045 2064 1085 2108 ac
1110 2041 1168 2109 du
1192 2055 1225 2124 64

92 2152 227 2220 meetica
239 2150 350 2216 virtus
361 2164 421 2214 aut
434 2149 519 2214 ratio
527 2148 703 2230 suadebat,
714 2149 774 2216 sed
783 2151 922 2217 insanus
932 2175 1027 2219 amor
1036 2156 1169 2246 magni-

93 2269 220 2338 tudinis
247 2266 348 2335 raleae.
377 2263 480 2332 Modo
502 2267 539 2332 in
559 2267 756 2358 Hispaniam
779 2279 814 2332 et
835 2267 1029 2336 Sertoriana
1046 2294 1163 2352 arma,

92 2385 188 2455 modo
211 2383 257 2454 ad
283 2381 497 2474 colligendos
520 2374 672 2473 piratas⁴
696 2403 736 2449 ac
760 2383 867 2450 maria
884 2384 1037 2475 pacanda
1060 2385 1166 2461 vade-

91 2505 147 2574 bat
172 2531 180 2569 :
203 2502 257 2570 hae
275 2498 546 2596 praetexebantur
569 2520 677 2568 causae
697 2496 741 2565 ad
759 2501 1022 2570 continuandam
1044 2521 1168 2598 poten-

92 2753 177 2805 Priora
189 2763 304 2822 spectem
315 2749 348 2801 ad
357 2744 457 2800 Thebae
468 2763 566 2798 eversas
578 2755 602 2797 et
652 2743 726 2796 Grut.
744 2744 787 2796 alii
805 2743 856 2798 diis
870 2755 888 2798 t.
903 2746 965 2800 alius
976 2752 1001 2801 is
1013 2757 1030 2801 t.
1047 2750 1165 2802 Erasmus

92 2833 120 2884 ed
137 2831 279 2884 libertatem
298 2827 406 2881 Gracia
425 2837 535 2895 ereptam
555 2841 561 2874 :
578 2837 603 2877 at
653 2823 723 2876 idem
735 2833 754 2876 t.
762 2825 877 2877 Muretus
890 2843 897 2878 t
908 2828 954 2879 Ire
963 2837 1050 2879 tomen
1059 2832 1117 2881 vult
1125 2833 1167 2882 ul-

92 2911 137 2962 bne
152 2930 209 2962 non
228 2910 324 2961 factum
338 2923 390 2957 este
407 2901 439 2955 ab
459 2900 603 2954 Alexandro
652 2912 697 2954 tra
712 2901 745 2956 0·
757 2921 780 2954 s.

90 2987 187 3060 Magno
199 3023 208 3052 ,
220 2986 273 3042 sed
285 2983 317 3036 ab
334 2982 389 3052 ejus
404 2985 472 3052 petre
483 2978 604 3052 Philippo
686 2979 710 3032 3.
716 2979 843 3047 Pompeio
853 2991 965 3034 externo
974 2983 1069 3037 bello...
1072 2984 1166 3054 salsoe.

92 3080 196 3121 constat.
212 3064 305 3117 Ruth.
653 3057 779 3111 Nonnulli
787 3058 861 3110 codd.
868 3058 1167 3127 etedd.NeCn.qur'dem

123 3164 144 3198 r.
154 3143 376 3195 lacedaemona...
386 3148 474 3189 tacere.
485 3134 603 3188 lacede-
653 3137 778 3204 Pompeio
788 3147 899 3190 externo
911 3141 978 3189 inire
988 3139 1011 3189 b.
1023 3138 1106 3208 major
1123 3150 1167 3192 ta-

91 3242 149 3273 mon
165 3219 268 3292 proprie
282 3217 359 3270 iibere
372 3215 480 3280 mansit,
495 3213 537 3267 sed
549 3212 605 3264 im·
652 3231 712 3264 men
725 3232 846 3265 numerus
865 3225 931 3265 reete
946 3216 974 3265 rb
989 3217 1054 3266 inire
1064 3215 1168 3272 omittit.

90 3298 157 3370 perio
175 3295 287 3351 Graeciae
305 3293 430 3347 abstinere
450 3303 534 3345 eonem
552 3303 604 3343 est:
652 3289 860 3342 Ruta-Idem
873 3291 1102 3344 semicolotaatnm
1111 3306 1168 3366 post

89 3377 256 3428 Ademtum
284 3384 395 3425 oratores
420 3384 445 3423 et
468 3368 604 3442 demagogi
642 3367 1121 3439 sadsoeinterpunxie-Judiciobuit
1134 3369 1166 3422 de

89 3455 241 3506 contienere.
252 3451 363 3521 Reliqua
374 3449 550 3503 declamatorie
559 3469 602 3521 po·
654 3445 701 3499 Cn.
715 3444 855 3516 Pompeio,
866 3458 912 3499 ete.
932 3447 1070 3514 quemlibet
1081 3466 1166 3500 rerum

88 3534 132 3586 rita
148 3545 227 3598 sunt,
248 3530 355 3582 historia
375 3529 416 3582 vel
434 3529 600 3594 reclamante,
652 3521 742 3576 barum
755 3522 930 3592 antiquarum,
944 3543 1002 3594 quae
1012 3537 1071 3577 sunt
1081 3527 1167 3578 notis-

87 3614 125 3666 vet
136 3612 282 3684 mitigante.
295 3607 603 3662 Baebia-Tertullianus
652 3601 740 3665 timae,
763 3619 872 3669 gnarum
893 3599 1049 3656 subscribere
1061 3615 1164 3655 constat

89 3693 200 3746 Athenas
215 3693 366 3759 linguam
382 3691 511 3742 civitatem
526 3687 602 3739 dixit:
686 3681 709 3744 d·
719 3678 1047 3746 Adtollt'gendospimtas.
1057 3680 1168 3734 {taem-i·

89 3771 212 3824 sidonius
233 3767 501 3836 Athenis·loqnarior
518 3764 602 3836 adagii
654 3755 690 3823 pli
707 3753 768 3807 libri
782 3772 789 3805 t
802 3767 888 3807 conire
908 3775 971 3826 qnos
989 3757 1106 3809 Muretus
1119 3778 1166 3810 co-

89 3849 175 3902 tome.
187 3845 266 3914 lips.
649 3835 748 3902 gendos
758 3831 879 3884 ediderat.
891 3832 942 3883 Sed
953 3832 1016 3884 iliud
1028 3833 1101 3886 bene.
1113 3838 1166 3889 Fu-

120 3947 141 3977 n.
160 3927 193 3978 11
216 3935 316 3976 tamen.
337 3919 383 3972 ste
406 3939 453 3970 me.
471 3939 497 3970 a.
516 3917 603 3970 Sehw.
653 3909 690 3962 dit
704 3910 774 3962 enim
790 3908 938 3980 fugavitque
952 3909 1060 3978 piratam
1075 3913 1119 3965 sed
1138 3929 1167 3965 ut

88 4023 162 4072 quan
172 4001 313 4056 lectionem
325 3999 375 4072 jam
385 3999 526 4070 conjecerat
535 3997 604 4066 Lips‘.
655 3986 713 4040 finit
722 3987 783 4039 beili
793 3999 868 4046 esset.
882 3985 1001 4057 reliquiae
1009 4007 1096 4040 eornm
1107 4009 1167 4041 con·

87 4081 207 4153 -Vuign
215 4079 257 4132 br'c
265 4069 603 4143 tamen.8it,inquitiinbk.
654 4076 754 4120 tractas
768 4066 814 4131 (ait
825 4063 951 4151 Velieiue)
960 4065 987 4114 in
999 4066 1112 4129 urbibus.
1124 4087 1168 4118 re-

87 4160 129 4229 qui
136 4159 206 4232 vulg.
217 4169 305 4224 tenet,
319 4155 371 4208 dno
381 4152 444 4205 boni
454 4149 519 4202 codd
538 4147 605 4219 apud
656 4156 775 4213 motoque
788 4160 803 4194 e
820 4159 883 4192 man
895 4139 964 4204 loco,
983 4141 1011 4193 in
1028 4154 1095 4193 certa
1107 4143 1166 4195 sede

207 4255 271 4322 lv.
355 4308 358 4314 .
996 4265 1013 4329 7
