2950 4934
449 392 719 466 nrrsuona
742 393 890 464 xcrv.
1167 401 1212 492 a,

128 525 267 598 reddita
285 541 338 595 eet
364 551 372 593 :
394 527 425 593 ai
444 525 545 594 blane
567 525 748 620 opiniones
766 522 987 608 exclusimus,
1008 545 1078 593 non
1098 525 1213 594 atatim

129 643 287 736 sequitur
299 641 474 736 dispectus
487 665 602 712 rerum
615 640 828 736 agendarum
840 667 850 708 t
861 657 900 710 ut
909 655 1085 735 aequatur,
1098 655 1213 710 tamen

127 755 320 825 admonitio
333 755 571 825 corroborabit
584 771 713 826 rectam
727 753 885 825 debonis
897 755 1216 849 malitqueeenten-

129 875 225 944 tiam.
247 870 343 942 Illud
360 895 499 968 quoque
521 872 641 942 falsum
661 887 733 956 eat,
758 872 848 942 nihil
864 872 958 967 apud
974 874 1111 944 ineanoe
1128 896 1213 967 pro·

128 989 238 1058 ficere
255 1002 430 1083 praecepta
447 1013 455 1054 ε
471 1010 551 1055 nam
568 983 855 1080 quemadmodum
870 986 942 1055 cola
958 1009 1029 1055 non
1046 1003 1211 1080 proeunt,

127 1107 179 1175 tic
196 1107 414 1175 curationem
437 1101 625 1197 adjuvant,
650 1118 688 1173 et
707 1101 922 1174 denuntiatio
934 1107 961 1188 ¹,
982 1117 1018 1172 et
1034 1103 1215 1200 castigatio
1259 1165 1262 1175 .

128 1225 271 1293 insanos
300 1223 464 1292 coercuit.
495 1223 547 1293 De
573 1222 643 1291 illie
667 1222 798 1291 insanie
818 1245 912 1291 nunc
932 1221 1069 1314 loquor,
1089 1221 1215 1316 quibua

130 1364 231 1410 mene
244 1355 338 1409 mota
352 1349 421 1422 eet,
441 1362 511 1409 non
524 1355 654 1434 erepta.

182 1459 349 1552 «Leges,
367 1457 505 1549 inquit,
525 1471 564 1525 ut
583 1456 746 1526 faciamus
763 1455 856 1549 quod
884 1469 1018 1552 oportet
1027 1507 1040 1544 ,
1059 1479 1130 1526 non
1159 1457 1213 1526 ef·
1238 1469 1274 1542 37

130 1575 274 1644 ficiunt:
286 1571 416 1667 etquid
428 1573 523 1644 aliud
536 1589 616 1645 eunt
627 1623 637 1658 ,
650 1597 754 1668 quam
767 1575 870 1644 minio
883 1576 985 1644 mixta
996 1577 1211 1670 praeceptaiu

133 1693 346 1761 -Primum
363 1691 535 1776 omnium,
556 1691 601 1760 ob
616 1691 684 1760 boc
707 1689 776 1760 illae
795 1715 866 1788 non
882 1689 1113 1786 persuadent,
1133 1692 1216 1784 quia

131 1811 330 1896 minantur,
345 1824 380 1877 at
390 1806 467 1876 baec
480 1833 549 1878 non
563 1823 709 1902 cogunt,
726 1807 788 1878 ced
801 1824 955 1879 exorant.
968 1807 1105 1881 Deinde
1118 1808 1215 1905 leget

131 1927 302 1997 aecelere
323 1925 499 1996 deterrent
509 1947 526 2014 3·
544 1936 715 2021 praecepta
744 1927 782 1996 in
804 1927 957 2022 officium
971 1925 1212 1997 adhortantur.

134 2045 195 2112 Hie
211 2042 347 2136 adjice,
368 2040 460 2135 quod
476 2042 571 2137 leget
588 2067 725 2138 quoque
744 2028 932 2138 proficiunt
946 2043 992 2113 ad
1007 2042 1117 2113 bonoe
1136 2067 1216 2112 mo-

134 2185 190 2230 rea
202 2190 213 2246 3
225 2162 350 2254 utique
364 2161 393 2229 ei
409 2183 479 2230 non
493 2175 625 2230 tantum
636 2163 825 2257 imperant,
842 2162 902 2231 eed
913 2160 1038 2232 docent
1048 2167 1076 2230 ’.
1093 2162 1135 2231 In
1148 2160 1215 2231 bac
1239 2165 1272 2220 ³⁸

131 2300 170 2344 re
188 2272 356 2346 dissentio
374 2301 397 2345 a
414 2277 622 2366 Posidonio,
642 2279 703 2371 qui
722 2305 731 2346 ι
751 2305 768 2343 a
782 2281 860 2347 Non
878 2279 987 2374 probo
1004 2277 1098 2374 quod
1116 2271 1214 2347 ³Pta-

132 2392 225 2460 tonia
243 2391 382 2486 legibue
406 2391 542 2485 adjecta
563 2391 737 2488 principia
752 2385 870 2462 ¹tatrnt⁴
897 2420 906 2462 ε
935 2395 1063 2486 Legem
1096 2385 1213 2483 ⁵,enim

166 2601 189 2639 ι,
205 2582 431 2653 nmmum
444 2605 467 2638 e.
480 2583 648 2653 criminatio,
697 2587 827 2642 uemteeit
845 2587 937 2652 Plato,
950 2584 1062 2650 idmibi
1077 2585 1153 2638 eredo
1167 2586 1214 2638 fe*-

133 2661 241 2732 periculi
252 2661 406 2716 admonitio.
417 2662 492 2734 lips.
698 2664 837 2733 ciendum,
851 2677 898 2732 ut,
918 2663 1065 2738 prinsquam
1077 2663 1157 2738 ipsam
1169 2663 1213 2716 ie-

64 2729 71 2742 ’
164 2739 325 2809 evaque
332 2753 497 2796 reontontum
506 2745 649 2812 tinpemnt,
698 2763 759 2818 pem
770 2741 893 2810 recitem,
904 2742 937 2796 de
948 2742 1004 2816 ejue
1015 2741 1079 2813 legia
1090 2739 1167 2794 iende
1176 2740 1213 2807 (i.

133 2819 181 2872 aed
193 2820 330 2872 domn...
348 2819 501 2876 Posidonio
522 2820 652 2876 censebat
699 2841 722 2875 e.
738 2821 982 2888 commendatione)
995 2819 1112 2874 dium.»
1127 2819 1214 2890 Egre-

133 2896 212 2971 igitm·
219 2896 389 2962 Potidaniae,
400 2897 469 2974 leget
477 2900 607 2972 proterariis
614 2911 651 2952 at·
702 2899 744 2974 gie
754 2912 843 2954 monet
853 2899 972 2974 Heyniue
983 2899 1077 2972 Opuse.
1087 2897 1157 2950 acad.
1170 2896 1213 2960 li,

133 2994 182 3046 qne
190 2975 403 3048 explicationibus
414 2995 497 3030 carere
505 2975 613 3043 debere,
623 2978 653 3031 in
702 2979 785 3052 μβ,
797 2979 827 3032 in
842 2989 896 3032 tam
915 2977 1014 3032 direrea
1028 2975 1133 3048 judicie
1139 2994 1216 3029 earn-

133 3073 184 3124 qne
192 3051 341 3108 discedebat
349 3056 442 3109 Notter
450 3055 483 3110 ab
492 3074 531 3109 eo.
539 3055 653 3125 Quidam
702 3059 762 3110 dem
773 3057 841 3110 banc
850 3075 904 3110 rem
914 3054 1022 3111 distrahi
1030 3073 1103 3127 poree
1112 3072 1158 3127 pro
1169 3052 1216 3106 di-

133 3143 239 3196 tamen,
255 3143 281 3186 et
298 3131 366 3184 inter
377 3131 437 3186 illoc
449 3131 535 3188 neti.
554 3144 654 3186 contra·
700 3155 776 3190 verto
782 3131 1215 3206 bominumeenen,prodirereoqne

132 3209 199 3262 riam
208 3209 350 3264 Posidonio
359 3209 477 3264 uibnnnt
485 3209 651 3284 opinionem,
700 3231 786 3268 reram
801 3212 989 3284 bominumque
1006 3222 1121 3285 respectu
1134 3208 1215 3262 :aiter

132 3288 291 3342 etSeneeem
299 3287 536 3359 prireor'pr'oiepr'bue
544 3290 648 3358 adfata
695 3292 830 3348 servilibus
847 3291 961 3367 ingeniis
975 3289 1112 3364 imperari,
1134 3287 1216 3360 inge-

132 3367 540 3516 mi'obiiffiiiimiiiiii
551 3389 650 3502 3322,
696 3369 787 3503 ¹:21⁸?
795 3369 883 3500 unp
881 3389 913 3500 Γ
919 3366 1216 3501 t'fftbssti‘ti‘td·

182 3485 191 3502 e
267 3481 274 3496 ⁸
536 3483 545 3500 e
1080 3483 1092 3498 ν
1204 3482 1213 3509 9

131 3521 289 3576 tentavimus
299 3543 330 3576 ea
339 3523 456 3587 Manto,
470 3524 518 3596 qai
529 3545 560 3580 ea
572 3525 651 3599 inge-
698 3545 757 3600 qen
767 3467 923 3601 rjiiicwdtrili
939 3523 1128 3578 constituuntur
1141 3558 1148 3585 ,
1171 3519 1214 3572 vix

133 3599 179 3654 nio
187 3601 560 3674 :mnproboquodbinepmi
569 3604 650 3671 dedit,
699 3605 823 3680 prooemia
835 3604 929 3676 vulgae
939 3603 972 3657 de
985 3602 1047 3674 jerit
1060 3613 1105 3653 eat
1113 3599 1213 3653 ratione

132 3679 165 3734 ab
172 3677 651 3757 omnibuaeditionibuadiureceptum,
700 3697 743 3738 ant
753 3684 868 3755 quitete
879 3681 1014 3736 edocentie
1025 3679 1161 3733 admittunt
1170 3695 1178 3731 t
1188 3691 1214 3730 at

134 3768 158 3810 et
170 3776 203 3809 ex
215 3756 306 3810 sebe.
322 3756 368 3828 qni
383 3755 454 3811 dedit
470 3775 478 3812 t
497 3762 546 3827 qui
554 3779 605 3828 pro
620 3781 652 3814 eo
699 3761 727 3814 in
743 3761 797 3816 istie
812 3761 879 3835 legg.
893 3780 938 3827 ea,
951 3778 1028 3830 quam
1038 3757 1155 3832 politiam
1161 3776 1214 3808 ro-

133 3833 436 3904 quodum-Mihi·
445 3855 459 3888 ²
469 3854 572 3905 mmo
581 3840 654 3908 quod
701 3840 964 3904 camue,velmaxime
974 3838 1153 3893 continebatur
1161 3855 1222 3897 una*

136 3912 249 3983 (abeque
262 3916 327 3983 qui)
339 3931 363 3965 c.
372 3911 409 3966 R.
422 3913 458 3968 Α.
472 3914 654 3989 Suppiendum'
702 3936 761 3968 cum
770 3915 868 3970 etbieie.
879 3916 955 3970 Plato
965 3915 998 3971 de
1007 3914 1135 3990 prooemiis
1147 3913 1214 3984 legi-

134 4001 185 4058 eet,
196 3995 239 4043 att
248 3990 430 4058 Posidonius,
442 3993 594 4064 poetprodo.
699 3993 747 4046 bue
761 3992 1068 4068 premittendieexposuit
1080 3995 1122 4046 De
1137 3993 1214 4064 begg.

166 4069 190 4133 4.
200 4068 318 4138 wem
327 4069 431 4135 adjecto
440 4089 482 4138 pr.
492 4083 561 4124 wart.
572 4072 651 4141 Quod
700 4073 749 4138 tv,
759 4093 784 4144 p.
795 4074 841 4145 ¹9⁸
848 4084 874 4126 et
880 4073 937 4126 init.
947 4072 965 4124 1.
974 4073 998 4124 V
1006 4112 1014 4139 ,
1021 4085 1040 4128 t.
1047 4072 1110 4124 vtll
1117 4071 1168 4143 bip.
1177 4070 1212 4122 R.

133 4145 224 4222 probat
235 4147 329 4203 Cicero
342 4147 374 4202 de
385 4149 465 4227 legg.
475 4151 518 4220 11,
529 4151 563 4206 ὃς
577 4152 651 4206 «sed
734 4155 757 4204 5.
767 4150 863 4223 Legem
874 4156 952 4205 enim0
963 4151 1013 4212 nic
1024 4151 1162 4206 tantumin
1172 4151 1213 4212 ed,
