2950 4934
323 405 365 473 32
610 405 652 472 L.
678 403 860 473 ANNAEI
883 403 1108 474 SENECAE

212 551 220 562 “
323 535 428 604 multa
442 535 533 604 enim
546 535 643 620 facit,
660 559 738 629 quae
750 534 795 604 ab
809 533 1132 630 imprudentissimis
1142 549 1201 603 aut
1212 557 1309 628 teque
1321 536 1402 604 fieri

323 648 492 732 vidimus,
512 666 572 718 aut
589 649 757 743 peritius,
778 665 837 718 aut
855 650 1084 718 exercitatius.

265 766 296 837 ³4
373 765 469 858 Quid
479 767 622 860 Sapiens
631 767 901 860 investigaverit,
915 765 1000 859 quid
1007 766 1045 833 in
1054 765 1165 835 lucem
1180 768 1400 859 protraxerit,

325 883 475 974 queris?
489 883 641 952 Primum
659 907 775 952 rerum
790 897 968 968 naturam3
987 907 1090 975 quam
1111 907 1201 965 non,
1222 897 1261 950 ut
1279 898 1404 952 enters

325 995 505 1079 animalia,
530 998 638 1067 oculis
662 1014 798 1067 secutus
823 1012 892 1080 est,
921 996 1025 1065 tardis
1046 995 1091 1064 ad
1116 997 1244 1066 divina
1264 997 1403 1065 Deinde

324 1114 402 1180 vitae
419 1111 551 1207 legem3
573 1138 674 1205 quam
701 1112 747 1180 ad
771 1115 931 1182 universa
949 1111 1098 1182 direxit:
1115 1137 1181 1182 neo
1202 1137 1303 1182 nosse
1323 1129 1405 1182 tan-

326 1243 416 1310 tum,
433 1230 493 1298 sed
507 1232 603 1324 sequi
617 1233 706 1300 Deos
718 1229 852 1317 docuit,
866 1246 901 1299 et
913 1231 1103 1300 accidentia
1116 1254 1186 1298 non
1198 1229 1299 1298 aliter
1308 1231 1406 1299 exci-

326 1367 428 1440 pere,
448 1371 550 1440 quam
569 1349 747 1442 imperata.
762 1349 881 1417 Vetuit
901 1372 1023 1442 parere
1046 1347 1266 1440 opinionibus
1283 1346 1401 1430 falsis,

327 1481 382 1548 et,
405 1467 523 1557 quanti
548 1465 700 1558 quidque
719 1481 828 1551 esset,
847 1489 929 1534 vera
952 1464 1174 1534 estimatione
1188 1463 1402 1557 perpendit:

272 1593 304 1647 ³5
327 1586 500 1656 damnavit
516 1587 633 1656 mixtas
650 1587 859 1680 poenitentiae
875 1587 1086 1680 voluptates,
1109 1603 1144 1656 et
1161 1585 1252 1654 bona
1268 1611 1406 1681 semper

327 1702 495 1796 placitura
519 1700 669 1771 laudavit
687 1726 695 1768 :
715 1719 751 1770 et
768 1702 879 1796 palam
900 1703 981 1770 feeit
991 1753 1003 1788 ,
1030 1702 1279 1771 felicissimum¹
1300 1726 1402 1783 esse,

328 1820 384 1888 cui
405 1818 566 1888 felicitate
586 1842 656 1887 non
681 1844 767 1912 opus
785 1821 859 1906 est3
878 1819 1148 1911 potentissimum
1167 1842 1261 1904 esse,
1284 1820 1345 1912 qui
1367 1842 1407 1886 se

328 1936 434 2005 babet
452 1937 489 2003 in
506 1951 684 2029 potestate.
701 1939 779 2004 Non
796 1934 840 2003 de
859 1939 922 2004 ea'
941 1934 1161 2029 philosophia
1174 1937 1307 2030 loquor,
1325 1959 1405 2029 quae

272 2065 274 2072 ’
328 2053 436 2121 civem
462 2069 556 2121 extra
579 2052 723 2146 patriam
746 2053 877 2146 posuit,
903 2067 996 2119 extra
1012 2051 1175 2120 mundum
1193 2054 1305 2134 Deos,
1325 2075 1405 2146 quae

327 2169 490 2239 virtutem
508 2167 646 2238 donavit
660 2169 846 2262 voluptati3
865 2167 926 2237 sed
943 2167 986 2238 de
1001 2163 1092 2254 illa³,
1107 2193 1183 2261 quae
1197 2169 1330 2238 nullum
1341 2169 1407 2237 bo-

327 2310 410 2354 num
426 2301 543 2379 putat,
564 2286 629 2354 uisi
652 2285 746 2377 quod
763 2285 943 2356 honestum
958 2302 1027 2372 est,
1051 2311 1128 2379 quse
1146 2311 1211 2356 neo
1229 2287 1401 2370 hominis,

328 2423 393 2470 nec
417 2399 561 2468 fortunat
583 2399 783 2468 muneribus
803 2396 947 2467 deleniri
970 2414 1100 2495 potest,
1119 2400 1217 2492 cujus
1238 2399 1305 2468 hoc
1321 2424 1407 2494 pre-

328 2515 414 2582 tium
431 2531 504 2597 est,
525 2539 592 2582 non
609 2539 708 2608 posse
723 2515 835 2608 pretio
854 2517 944 2609 capi.

270 2652 305 2709 ss
379 2635 476 2700 Hanc
493 2630 743 2725 philosophiam
759 2632 863 2701 luisse
877 2631 938 2699 illo
956 2631 1036 2700 rudi
1050 2631 1191 2716 steeulo,
1208 2655 1276 2723 quo
1289 2631 1408 2701 adhuc

328 2749 475 2817 artificia
485 2746 627 2816 deerant
639 2763 673 2816 et
681 2749 756 2840 ipso
765 2771 829 2816 usu
839 2747 1059 2818 discebantur
1067 2748 1182 2835 utilia,
1195 2772 1265 2817 non
1278 2748 1384 2818 credo
1397 2779 1405 2817 z

329 2994 388 3029 cnm
402 2975 459 3028 Pal.
477 2995 491 3026 a
509 2991 566 3044 quas
576 2975 697 3049 scriptura
710 2975 793 3030 efficta
807 2988 842 3029 cst
890 2975 956 3028 mihi
971 2975 1076 3045 videor,
1089 2977 1110 3029 si
1124 2977 1190 3030 istud
1208 2977 1356 3032 tenuissem.
1374 2978 1407 3031 S.

329 3072 479 3124 essequam
490 3052 654 3107 habeted.A.
663 3067 740 3108 etms.
749 3075 770 3108 c.
779 3074 842 3106 ocu-
926 3073 949 3105 1.
963 3051 1186 3107 Felicissimnm..
1198 3065 1335 3124 potestate
1351 3055 1409 3110 Sa-

330 3135 396 3186 tilcs.
406 3133 510 3184 Exserts
520 3150 583 3184 vero
596 3131 643 3183 boc
653 3135 729 3185 uelles
741 3131 842 3185 exhibet
890 3131 962 3203 piens
975 3143 1024 3200 est,
1040 3133 1071 3184 de
1089 3153 1141 3202 qno
1158 3151 1224 3204 saepe
1238 3145 1332 3199 noster,
1345 3153 1368 3188 c.
1383 3156 1407 3189 c.

330 3229 378 3264 ms.
388 3230 416 3262 o.
427 3211 457 3261 ln
468 3228 512 3262 ora
526 3210 623 3262 Erasm.
634 3221 736 3262 notatur
746 3213 785 3262 od
796 3210 841 3263 hoc
890 3209 939 3280 Ep:
953 3211 999 3274 75,
1015 3211 1057 3276 14,
1070 3210 1116 3279 93.
1130 3233 1154 3264 a.
1166 3213 1254 3265 Horat.
1268 3212 1352 3265 Ssrm,
1362 3215 1407 3284 11,

330 3291 418 3354 υἱῆες
428 3286 499 3359 qnod
511 3288 538 3339 in
549 3299 658 3358 quatuor
670 3308 683 3340 e
694 3287 746 3340 suis
757 3309 843 3362 reper-
891 3306 916 3355 7,
929 3286 961 3340 83
970 3305 1025 3356 sqq.
1034 3286 1125 3340 ltullc

330 3381 384 3421 tum
391 3367 564 3420 aitGrnterns.
574 3366 650 3430 Puto,
659 3377 795 3438 utrumqne
804 3367 841 3418 vi·
924 3385 948 3416 a.
961 3367 1023 3419 Non
1034 3369 1067 3419 de
1076 3388 1133 3423 ια...
1143 3372 1280 3438 voluplati.
1292 3369 1333 3422 De
1341 3370 1409 3444 Epi·

330 3467 388 3500 tum
407 3445 509 3498 doctum
524 3443 642 3496 voculam
656 3445 696 3495 ad
713 3465 743 3496 ex
753 3443 842 3514 eonje-
890 3463 951 3496 cnro
967 3443 1089 3517 loquitur,
1107 3447 1151 3517 qui
1170 3467 1185 3500 a
1202 3447 1330 3522 republica
1343 3469 1407 3504 snos

331 3537 401 3579 ctura
412 3522 531 3596 adjecisse
542 3539 549 3573 t
559 3533 624 3574 certe
633 3559 641 3588 ,
651 3519 672 3574 si
686 3521 843 3594 praepositio-
889 3537 1019 3590 removet,
1033 3538 1058 3577 et
1068 3525 1118 3578 sibi
1134 3525 1194 3598 ipsis
1208 3527 1294 3581 vivere
1310 3527 1404 3598 jubet,

331 3623 391 3656 nem
402 3601 493 3674 adjecit
505 3600 614 3662 Seneca,
624 3601 652 3650 in
659 3599 707 3653 hoc
715 3620 762 3652 suo
770 3619 841 3657 more
890 3603 1036 3656 sotietatem
1042 3604 1128 3670 solvit,
1141 3617 1187 3657 ete.
1195 3605 1406 3679 idesl,volnptas

332 3684 443 3738 dicturus
456 3680 532 3732 luisse
545 3678 620 3731 nobis
632 3678 733 3731 videtur
755 3679 843 3748 (quo-
891 3679 1006 3754 Epicuri,
1020 3681 1063 3734 bio
1078 3694 1173 3735 taxatur
1188 3682 1256 3735 mele
1267 3682 1407 3738 intellecta.

332 3763 410 3816 modo
430 3759 550 3832 equidem
571 3777 628 3810 mea
648 3758 680 3810 de
699 3759 843 3828 conjectura
891 3760 937 3811 Est
955 3759 1025 3810 enim
1044 3759 1081 3812 nil
1102 3759 1151 3812 nisi
1167 3760 1286 3826 felicitas,
1301 3781 1360 3831 qun
1374 3783 1407 3817 ea

333 3839 433 3906 edidi),
448 3857 500 3890 non
518 3840 557 3889 nd
568 3836 621 3887 boc.
634 3834 685 3888 sed
702 3833 842 3888 videndum
891 3836 1046 3889 conscientia
1062 3837 1166 3906 =virtutis
1191 3838 1219 3890 in
1239 3839 1291 3892 vita
1313 3843 1406 3893 oritur.

333 3933 384 3986 est,
394 3939 426 3972 ne
435 3917 555 3972 familiari
562 3935 678 3971 sermone
686 3915 762 3969 etiam
775 3915 843 3968 nude
893 3913 933 3967 Cf.
944 3914 1015 3966 Kant
1025 3917 1108 3969 Critik
1119 3919 1166 3969 der
1172 3921 1260 3984 pmlt.
1273 3920 1409 3994 Vernaus!

334 4001 369 4054 sic
380 4001 463 4053 dicere
475 3999 553 4050 latine
563 3998 675 4062 licuerit,
690 3998 736 4050 hoc
746 3999 842 4060 utiles,
893 4014 917 4065 p.
931 3994 978 4044 208
990 4014 1028 4064 sq.
1042 3994 1082 4046 ed.
1095 4011 1125 4048 tt.
1138 3995 1227 4048 Ruth.

335 4100 380 4151 pro
401 4082 428 4130 in
447 4077 486 4130 vel
508 4079 548 4129 od
566 4077 612 4130 boc
630 4079 706 4130 utiles
726 4095 733 4126 .·
753 4075 844 4126 rectius
926 4068 950 4122 3.
961 4070 1131 4138 Seddeilla,
1143 4072 1323 4130 scillcetstoiea
1340 4074 1406 4147 phi-

335 4156 438 4227 quidem
468 4175 535 4208 nnnc
557 4173 598 4205 me
621 4155 745 4207 iacturum
768 4149 861 4204 luiste‘
892 4149 1114 4223 losopbiaJlndlc.
