2950 4934
287 428 351 493 332
511 494 514 501 ,
590 426 631 493 L.
656 424 834 493 ANNAEl
857 424 1071 494 SENECAE

286 554 366 623 dum
385 556 429 623 ait
440 556 456 623 ?
468 592 507 607 ·-
519 558 712 649 Unicuique
729 558 819 624 aetati
837 580 898 624 ana
914 556 1112 625 constitutio
1129 571 1202 642 θοις
1220 558 1290 626 nlia
1304 560 1361 627 in-

231 694 261 745 1⁵
286 672 394 755 fanti,
436 672 502 739 alin
536 696 669 765 puero,
703 673 771 741 alia
797 674 884 741 aeui.
912 675 1040 742 Omnes
1064 675 1097 741 ei
1124 676 1357 744 conetimtioni

286 789 535 871 conciliantur,
552 790 589 857 in
603 812 671 881 qua
685 805 776 857 aunt.
792 789 908 858 insana
923 792 998 859 aine
1015 788 1176 858 dentibus
1189 808 1259 879 eat3
1274 790 1361 860 huic

286 906 516 975 constitutioni
539 928 607 974 auae
634 906 838 975 conciliatur
864 933 872 973 :
894 881 987 975 enati
1011 920 1091 973 aunt
1108 904 1253 993 dentea3
1274 908 1359 975 huic

287 1020 518 1089 constitutioni
536 1020 750 1091 conciliatur.
771 1024 856 1089 Nam
876 1038 910 1090 et
926 1004 1136 1107 illa'herba,
1158 1045 1235 1114 quaa
1252 1025 1287 1089 in
1307 1047 1360 1091 ae-

288 1149 398 1227 gctem
418 1132 619 1227 frugemque
638 1150 868 1221 ventumst,
887 1136 987 1203 aliam
1005 1136 1278 1204 constitutionem
1295 1135 1360 1204 ha·
1461 1196 1464 1200 ,

287 1249 346 1319 het
356 1255 381 1332 ¹,
403 1264 539 1330 tenera,
556 1266 590 1318 ct
603 1252 659 1319 vix
675 1252 829 1319 eminens
841 1252 955 1335 aulc03
970 1251 1094 1336 aliam,
1113 1276 1222 1343 quum·
1233 1276 1359 1320 conva-

287 1368 373 1453 luit,
387 1384 421 1436 ct
434 1416 444 1451 ,
458 1367 550 1435 molli
566 1366 705 1460 quidem
716 1368 852 1453 culmo,
868 1368 930 1437 aed
942 1371 1002 1462 qui
1017 1370 1123 1437 ferat²
1141 1394 1358 1454 nummum,

288 1484 437 1552 constitit
452 1512 461 1570 3
476 1482 600 1566 aliam,
616 1508 721 1577 quum
734 1484 907 1569 flavescit,
922 1502 956 1553 et
968 1482 1013 1553 ad
1025 1508 1138 1553 aream
1148 1479 1309 1578 apecmt³‚
1325 1501 1362 1553 et

235 1612 265 1666 ιθ
289 1600 382 1691 spica
400 1600 473 1691 ejua
490 1596 644 1667 induruit
662 1627 670 1669 :
687 1602 724 1668 in
744 1623 992 1694 quamcumque
1010 1601 1284 1670 constitutionem
1296 1624 1361 1669 ve·

289 1713 363 1793 nit,
385 1736 459 1781 eam
479 1726 615 1799 tuetur,
636 1714 674 1781 in
696 1736 772 1782 enm
791 1715 1019 1807 componitur.
1042 1714 1119 1782 Alia
1138 1730 1189 1782 eet
1205 1730 1286 1783 aetas
1303 1715 1362 1780 in·

290 1828 411 1911 santia,
429 1830 526 1921 pueri
537 1878 548 1909 ,
561 1828 786 1898 adolescentia
799 1880 809 1912 ‚
827 1831 937 1914 aenie3
953 1852 1019 1923 ego
1035 1844 1147 1898 tamen
1161 1828 1251 1898 idem
1266 1852 1360 1909 anm,

290 1946 349 2036 qui
368 1960 403 2012 et
425 1945 536 2013 infans
560 1945 631 2030 fui,
653 1960 688 2015 et
704 1970 813 2040 puer,
832 1961 868 2015 et
883 1946 1091 2015 adoleaoena.
1108 1948 1187 2028 Sic,
1205 1944 1362 2039 quamvia

290 2062 355 2129 alia
373 2074 476 2152 atque
493 2062 559 2130 alia
579 2063 705 2154 cuique
723 2064 920 2131 constitutio
938 2064 1001 2149 eit,
1023 2062 1216 2133 conciliatio
1235 2062 1366 2130 eonati-

291 2176 431 2250 tutiouia
454 2171 521 2245 iuae
539 2164 663 2246 eadem
680 2193 744 2247 eat.
771 2180 847 2248 Non
872 2180 966 2247 cuim
989 2201 1134 2271 puerum
1162 2176 1281 2258 mihi,
1304 2190 1366 2243 aut

288 2293 472 2385 juvenem,
489 2308 547 2360 aut
564 2316 700 2379 cenem,
720 2293 782 2361 aed
795 2316 872 2380 me,
889 2309 1009 2361 natura
1026 2291 1252 2361 commendat.
1272 2294 1365 2383 Ergo

292 2406 403 2479 insana
420 2411 452 2479 ei
471 2411 703 2479 constitutioni
724 2436 794 2479 auae
812 2410 1036 2495 conciliatur,
1054 2434 1131 2502 qirae
1143 2425 1226 2478 tunc
1241 2407 1365 2476 infanti

239 2552 266 2599 ¹⁷
292 2542 361 2613 eat,
377 2552 447 2596 non
463 2550 539 2621 quae
558 2526 671 2596 lutura
683 2528 804 2619 juveni
815 2543 884 2596 eet.
903 2530 1023 2619 Neque
1040 2518 1170 2610 enim⁴,
1187 2528 1214 2594 ei
1233 2525 1367 2631 aliquid

293 2644 343 2713 illi
365 2646 494 2738 majus,
515 2646 551 2712 in
570 2644 663 2735 quod
679 2660 850 2727 truncant,
874 2658 983 2717 maur
995 2672 1008 2730 3«
1028 2664 1099 2712 non
1115 2642 1183 2711 hoc
1200 2665 1364 2735 quoque,

292 2868 405 2937 requitur
420 2880 448 2920 ut
461 2866 583 2921 animalia
601 2884 631 2919 eo
650 2884 724 2920 tenen
741 2865 806 2919 duee
853 2864 953 2917 videtur
970 2860 1130 2937 lluhkopfine
1141 2861 1250 2915 numeria
1262 2880 1377 2913 aeneum.

293 2966 318 2997 ac
330 2957 460 3009 moveant,
480 2956 504 2997 et
519 2943 692 2997 eonstimtioni
711 2963 763 2998 aut
778 2963 804 2995 ee
853 2945 1012 2999 intellexiste.
1021 2942 1131 3017 Negatio
1141 2940 1371 3011 mquemimjnn-

293 3022 492 3075 accommodent.
854 3021 971 3097 gidebet
988 3022 1062 3076 alteri
1078 3019 1227 3095 negationi,
1247 3040 1300 3071 mn
1322 3020 1370 3071 hor

328 3116 349 3151 t.
360 3100 455 3152 Aliam
469 3102 638 3152 constitution.
653 3098 737 3151 habee.
748 3098 807 3151 Per·
855 3098 1094 3171 quoquemtambe
1105 3094 1371 3171 negetivoeaffirmao·

294 3194 378 3247 peram
390 3179 504 3229 alienam
517 3177 573 3229 cdd.
585 3177 672 3231 inritis
683 3194 742 3229 mu.
752 3176 782 3229 S.
854 3193 905 3233 tem
916 3180 1040 3253 gignantg
1052 3196 1137 3230 eamne
1146 3173 1299 3228 eatzetenim
1309 3174 1380 3229 ideo.

327 3274 348 3305 n.
371 3252 428 3325 Qui
438 3258 522 3327 serat.
547 3257 624 3310 Recte
646 3254 725 3329 vulgo
746 3254 805 3307 edd·
855 3257 922 3329 qnod
933 3258 1016 3310 inians
1024 3258 1053 3310 iu
1063 3255 1158 3327 aliquid
1168 3254 1251 3329 maine
1260 3252 1371 3307 iamin

299 3330 455 3401 Quodsemt
465 3346 524 3385 vett.
536 3332 593 3386 libri
605 3332 684 3385 nostri
698 3345 721 3384 et
731 3331 807 3385 Grn-
856 3334 942 3395 debet,
948 3352 1003 3405 pon
1010 3332 1188 3402 indeeeqnitnr
1194 3343 1286 3383 etatum
1294 3328 1370 3381 illum

294 3420 370 3462 urua-
379 3408 459 3464 Sedo-
854 3414 883 3467 in
897 3431 947 3483 quo
958 3412 1068 3465 nascitur
1077 3430 1149 3475 2non
1160 3430 1212 3463 eme
1227 3408 1370 3462 secundum

327 3488 351 3540 3.
363 3487 402 3540 Ee
417 3489 458 3539 od
471 3506 562 3541 aream
582 3498 686 3557 sperent.
700 3488 806 3561 Propter
855 3504 970 3545 naturam
990 3506 998 3543 t
1017 3490 1057 3543 vel
1081 3508 1124 3561 per
1152 3486 1370 3549 affirmationem

293 3566 387 3638 epicam
413 3577 619 3619 maturescentem
649 3578 672 3617 et
694 3566 806 3639 plenam.
857 3586 1011 3643 quamquam
1025 3567 1110 3619 inians
1123 3565 1151 3616 in
1164 3562 1246 3635 majus
1262 3562 1372 3615 tnneire

294 3643 426 3695 Turnebus
438 3654 521 3696 umen
531 3643 666 3696 Advenar.
676 3650 720 3702 aa.
732 3664 766 3695 20
777 3642 808 3695 de
856 3645 950 3712 debet,
965 3658 1050 3697 tamen
1061 3654 1138 3696 etatae
1150 3641 1176 3693 in
1195 3661 1246 3713 quo
1258 3641 1372 3693 nucina·

294 3740 351 3774 am
365 3721 472 3793 cogitet,
491 3742 542 3789 quo
554 3722 665 3775 demessa
679 3721 776 3774 terendi
788 3740 807 3773 ι.
856 3725 995 3777 secundum
1013 3735 1130 3777 naturam
1149 3734 1185 3774 eat
1202 3739 1209 3773 :
1228 3718 1287 3772 ideo
1303 3718 1372 3771 bene

293 3800 389 3853 tritura
398 3817 471 3852 cauea
483 3798 607 3870 deportari
617 3799 714 3853 soleant
724 3816 731 3852 ι
742 3818 804 3852 ton·
856 3803 932 3855 vertit
944 3800 1084 3870 lagmnge
1094 3817 1103 3851 .·
1113 3798 1151 3849 Ee
1164 3800 1213 3851 s'il
1225 3815 1306 3865 posse
1317 3816 1374 3863 por

293 3878 369 3930 sentit
379 3898 481 3949 qnoque
491 3879 596 3950 Lipsius.
608 3877 697 3931 aaut.
857 3884 886 3935 lo
903 3883 970 3933 suite
987 3886 1005 3931 ὰ
1024 3901 1060 3931 ran
1075 3880 1129 3930 elo!
1145 3878 1374 3931 d'ocemissement

328 3958 352 4022 4.
365 3956 487 4025 Neque....
501 3968 546 4009 est.
562 3958 628 4009 Nam
644 3976 743 4028 semper
761 3958 808 4009 hoe
856 3961 918 4029 plns
927 3959 1018 4029 grand
1032 3974 1130 4018 encore,
1151 3975 1184 4008 on
1202 3974 1233 4007 ne
1244 3961 1373 4021 peutpns

293 4031 388 4102 majus,
401 4035 429 4084 in
444 4034 512 4103 qnod
527 4046 648 4101 transeat,
666 4035 808 4088 secundnm
857 4056 888 4089 en
900 4038 1014 4089 contium
1024 4053 1073 4105 que
1087 4035 1152 4087 celui
1167 4035 1235 4085 dans
1250 4034 1338 4100 lequel
1351 4032 1375 4081 il

215 4174 218 4180 Ι
294 4122 408 4163 naturam
421 4124 471 4175 eat,
485 4130 505 4165 ι.
517 4132 532 4164 a
545 4124 632 4166 natura
644 4114 808 4167 commcnda-
857 4124 896 4166 est
909 4115 949 4175 ne',
965 4116 1034 4167 n¹ait
1047 4130 1099 4181 pas
1114 4110 1323 4182 e'te'consormed
1339 4124 1374 4162 tn

295 4199 345 4257 tur,
355 4202 439 4262 aptum
449 4191 562 4245 redditur
573 4189 604 4246 ei.
614 4192 808 4246 notk-tlon
858 4201 958 4248 nature.
