2950 4934
304 449 372 513 258
595 445 633 510 L.
660 439 838 510 ANNAEI
862 437 1079 508 SENECAE

301 571 420 656 malis,
438 586 473 640 et
493 594 610 661 omnes
627 593 757 640 versus.
777 571 862 640 Nam
871 620 883 655 ,
904 571 932 638 si
949 569 1100 667 prudens
1118 569 1374 656 sermqbonum

304 707 372 772 est,
393 688 520 758 bonum
540 703 653 756 sutem
669 710 770 758 omne
783 687 914 756 animal
926 702 997 772 est,
1020 711 1130 756 sermo
1147 709 1230 779 ergo
1248 685 1377 756 animal

305 820 369 874 est.
383 802 538 878 Prudens
550 827 685 887 versus,
700 803 828 876 bonum
842 820 912 890 est,
927 803 1052 874 bonum
1065 819 1176 872 autem
1187 825 1288 871 omno
1298 801 1377 870 ani-

305 922 373 991 mal
390 937 443 990 est
460 949 468 990 ε
487 944 605 991 versus
618 943 702 1013 ergo
718 918 843 988 animal
857 936 919 988 cst.
941 921 990 988 lta
1001 929 1032 1000 ¹,

582 1065 659 1118 Αιωι
668 1062 804 1133 virumque
815 1083 895 1126 cano,

304 1179 429 1256 animal
445 1199 515 1270 est,
541 1181 635 1278 quod
657 1209 726 1252 non
749 1199 891 1277 possunt
909 1183 1091 1252 rotundum
1115 1183 1249 1265 dicero,
1272 1202 1378 1274 quum

249 1318 278 1360 ²¹
305 1327 362 1372 sex
374 1300 478 1396 pedes
493 1299 628 1368 babeat.
640 1301 894 1368 -Textorium
908 1305 940 1384 ²,
960 1301 1097 1392 inquis,
1119 1315 1225 1368 totum
1239 1299 1380 1367 meher-

305 1419 399 1488 cules
411 1417 503 1502 istud
519 1431 590 1500 est,
606 1413 698 1509 quod
710 1441 815 1508 quum
832 1417 974 1484 maxime
988 1417 1114 1510 agitur.
1132 1414 1270 1484 Dissilio
1285 1416 1376 1494 risu,

306 1560 410 1628 quum
426 1534 511 1602 mibi
526 1555 699 1626 propono,
715 1533 939 1601 soloecismum
953 1533 1077 1602 animal
1095 1555 1186 1617 esse,
1203 1547 1237 1600 et
1254 1531 1381 1598 barba-

306 1655 464 1733 rismum,
484 1667 517 1720 et
543 1650 793 1744 syllogismum,
813 1667 846 1718 et
868 1667 963 1744 aptas
986 1649 1054 1717 illis
1073 1651 1190 1731 iacies,
1217 1665 1379 1740 tanquam

305 1771 436 1863 pictor,
456 1768 606 1862 assigno.

354 1889 435 1955 Haec
454 1885 682 1980 disputamus,
705 1885 857 1952 attractis
876 1883 1083 1976 superciliis,
1109 1883 1219 1950 fronte
1240 1906 1380 1976 rugosa.

305 2004 382 2074 Non
398 2026 532 2096 possum
541 2002 608 2070 boc
619 2001 694 2069 loco
708 2001 825 2068 dicere
840 1997 927 2067 illud
940 1991 1182 2069 Caecilianum³
1203 2027 1210 2066 :
1231 2027 1246 2063 o
1259 2001 1290 2066 Ο
1303 2001 1383 2066 tris-

192 2160 197 2168 =
307 2133 358 2187 tes
370 2112 533 2210 ineptias!
547 2109 562 2158 ⁴
578 2141 596 2178 u
613 2152 653 2166 -
666 2113 833 2182 Ridiculus
848 2131 938 2182 sunt.
954 2113 1049 2207 Quin
1063 2117 1177 2209 itaque
1191 2117 1303 2209 potius
1317 2113 1383 2181 ali-

308 2232 393 2327 quid
415 2232 498 2300 utile
523 2229 620 2299 nobis
645 2253 685 2297 ac
711 2229 858 2297 salutare
880 2244 1084 2316 tractamus,
1116 2249 1149 2299 et
1172 2233 1380 2325 quaerimus,

309 2346 476 2444 quomodo
492 2345 536 2416 ad
554 2347 698 2416 virtutes
720 2347 838 2414 venire
857 2347 1044 2438 possimus,
1069 2373 1145 2440 quae
1165 2371 1225 2416 nos
1241 2347 1286 2416 ad
1307 2345 1386 2415 illas

308 2468 364 2562 via
374 2464 531 2535 adducat.
548 2464 641 2532 Doce
654 2487 727 2546 me,
744 2487 831 2546 non,
849 2488 892 2530 an
908 2464 1070 2532 fortitudo
1084 2465 1208 2533 animal
1223 2467 1285 2549 sit,
1303 2465 1382 2544 sed,

309 2580 441 2650 nullum
468 2578 594 2646 animal
624 2576 704 2644 felix
722 2599 796 2643 esse
822 2577 895 2644 sine
922 2577 1144 2660 fortitudine,
1173 2579 1240 2646 nisi
1266 2595 1385 2644 contra

310 2699 447 2768 fortuita
465 2694 657 2778 convaluit,
675 2689 708 2761 e't
726 2696 843 2760 omnes
857 2718 974 2778 casus,
995 2711 1175 2788 antequam
1190 2696 1383 2787 exciperet,

310 2811 505 2888 meditando
523 2810 734 2906 praedomuit.
754 2808 849 2900 Quid
867 2825 917 2878 est
934 2809 1121 2879 fortitudo?
1137 2812 1387 2878 munimentum

311 2934 466 3001 bumana.
486 2925 728 2996 imbecillitatis
743 2913 1025 3017 inexpugnabile,
1045 2927 1135 3020 quod
1155 2927 1214 3019 qui
1232 2929 1389 2994 circum-

313 3047 408 3116 dedit
422 3046 503 3131 sibi,
516 3067 657 3113 securus
669 3043 706 3109 in
717 3040 782 3108 hae
796 3042 872 3109 vitae
885 3041 1061 3110 obsidione
1076 3042 1239 3137 perdurat
1253 3069 1260 3109 ι
1278 3044 1390 3110 utitur

203 3219 206 3225 ,
314 3163 405 3231 enim
430 3162 500 3228 suis
530 3157 692 3242 viribus,
717 3157 787 3223 suis
816 3157 903 3224 telis.
934 3159 1006 3226 Hoc
1027 3157 1103 3226 loco
1127 3156 1188 3226 tibi
1212 3157 1389 3226 Posidonii

313 3278 423 3364 nostri
435 3275 567 3344 referre
584 3274 783 3342 sententiam
804 3273 881 3342 volo
899 3300 906 3340 ε
926 3277 1027 3342 «Non
1043 3292 1112 3355 est,
1131 3272 1223 3366 quod
1236 3299 1391 3366 unquam

315 3527 356 3571 est
366 3519 486 3588 puoestio,
499 3514 553 3567 sive
566 3514 618 3587 ipsa
628 3513 770 3565 adsensum
782 3531 827 3563 ne·
878 3509 930 3562 ollii
953 3509 1081 3578 cujusdam
1103 3530 1108 3564 :
1127 3531 1140 3563 e
1162 3509 1286 3563 comoedia
1311 3507 1394 3561 veteri

315 3594 435 3660 contis,
455 3592 507 3646 sive
521 3591 560 3644 bis
573 3589 684 3655 similis,
699 3590 790 3641 desunt
802 3609 828 3640 a.
877 3588 956 3642 mults
967 3589 1093 3650 dramata,
1105 3588 1228 3660 imprimis
1237 3587 1395 3648 Menandri,

314 3694 336 3728 c.
348 3672 384 3725 ll.
398 3674 434 3725 A.
446 3670 477 3723 ab
490 3671 594 3721 Erasmo
608 3670 647 3734 (er
656 3666 761 3736 conject.
771 3685 827 3718 sna
878 3667 950 3719 vortit
966 3669 992 3718 in
1008 3666 1115 3718 latinum
1132 3685 1283 3718 sermonem.
1303 3665 1391 3737 Syne-

315 3763 399 3805 veters
412 3747 504 3816 libro?)
520 3747 625 3819 adjecta.
637 3745 717 3798 Schw.
877 3743 952 3816 phebi
962 3743 1016 3815 ejus
1025 3741 1318 3796 celeberrimneomoedia
1329 3755 1394 3793 erat.

351 3847 373 3880 ι.
385 3829 441 3879 Ita.
453 3826 519 3900 Cum
533 3845 580 3876 ms.
592 3844 618 3876 a.
632 3821 725 3896 scripsi.
738 3821 828 3894 Vulgo
878 3823 973 3874 Omnis
995 3833 1083 3895 prater
1101 3825 1241 3895 fragmenta
1257 3819 1397 3890 quaedam,

316 3907 421 3973 Itaque.
433 3903 516 3957 Solito.
879 3899 1068 3953 interciderunt.
1081 3899 1119 3952 Cl.
1132 3903 1162 3952 ll.
1172 3899 1250 3952 Gellii
1260 3899 1292 3950 N.
1301 3902 1333 3951 A.
1344 3899 1398 3964 W,

350 4002 374 4034 a.
392 3981 558 4034 Textorium·
578 3977 656 4046 Quod
676 3989 759 4040 taxas,
785 3997 829 4027 rc·
881 4001 919 4031 no.
931 3979 971 4038 ll,
987 3978 1026 4030 23.
1039 3978 1128 4031 Cicero
1142 3978 1242 4052 passim.
1253 3977 1345 4028 Ruit.

241 4083 246 4092 ·
316 4072 384 4116 lem
392 4101 400 4127 2
414 4058 529 4133 implices
542 4069 567 4110 et
578 4059 669 4111 sulm.
680 4055 769 4109 Rubk
912 4047 935 4109 4.
949 4045 974 4096 0
987 4047 1073 4097 irt'sles
1088 4047 1209 4113 t'nt'plt'm·
1222 4045 1335 4095 Murrius
1348 4063 1399 4096 le·-

349 4138 562 4193 somonam.
575 4133 830 4194 StstCoetilins,co·
880 4138 984 4198 quentcs
1005 4143 1090 4178 sersus
1111 4123 1198 4178 laudnt
1219 4145 1233 4176 e
1255 4123 1369 4176 Martiali
1392 4141 1398 4171 :

315 4216 410 4281 miens,
426 4215 506 4267 Ennii
515 4209 754 4267 amisusetlibertns
768 4211 831 4264 Gn-
880 4229 894 4252 s
903 4205 987 4277 'l'urpe
996 4202 1349 4273 estdillicilssbaberenugas,
1360 4201 1400 4252 l-{t
