2950 4934
298 438 365 506 632
664 434 820 503 JUSTI
844 434 1005 505 LlPSIl

290 581 343 661 qui
357 602 424 640 cum
438 578 522 640 Livio
535 579 629 663 Druse
645 580 752 661 possim
776 580 959 654 exclamare,
978 608 993 634 ιι
1007 580 1066 641 Uni
1081 603 1134 641 nec
1148 604 1270 665 apuero
1289 580 1368 644 leriae

289 688 453 769 contigisse.
475 712 489 739 a
514 684 603 747 Mane
619 686 751 747 surrexi?
773 682 849 746 Ecce
864 686 985 763 littere,
999 687 1151 769 responde.
1165 688 1254 763 Feci,
1267 689 1303 749 ad
1317 690 1368 751 alia

289 814 338 854 me
353 806 454 865 verto;
471 814 545 875 puer
562 815 571 852 c
589 792 642 853 Est
656 793 761 853 nobilis
776 794 821 853 vir
834 806 884 854 aut
897 793 1064 855 adolescens
1079 816 1095 855 e
1111 794 1222 871 Gallia,
1247 794 1368 857 Gama-

289 902 357 972 nia,
371 898 510 959 Sarmatia
523 922 532 957 c
544 899 607 958 vult
621 900 786 959 salutatum.
804 899 858 960 Ille
873 912 970 960 autem
981 912 1011 961 et
1020 900 1084 975 illi,
1101 901 1207 961 libellis
1221 903 1281 962 suis
1291 904 1369 963 brni-

289 989 542 1089 esae'eymsuum
557 1008 737 1089 inermem.
757 1006 816 1067 vix
828 1008 970 1089 suspires
985 1032 994 1079 ;
1009 1028 1047 1067 en
1067 1028 1082 1068 e
1103 1006 1200 1091 Belgi·
1223 1008 1296 1077 mea
1314 1009 1369 1069 au-
1464 1024 1465 1083 7

290 1136 394 1195 quem
407 1113 489 1174 Heus
499 1109 510 1172 l
522 1134 639 1173 carmen
650 1126 700 1173 aut
708 1112 838 1173 libellum
849 1114 968 1194 scripsi,
979 1113 1054 1196 lege.
1065 1114 1141 1189 Quid
1153 1115 1259 1175 etiam?
1270 1137 1366 1191 conse,
1464 1086 1465 1117 i

291 1234 321 1281 et
339 1220 472 1282 emenda.
486 1220 564 1297 Quid
578 1222 722 1303 amplius?
734 1244 849 1283 mrmen
864 1234 914 1282 aut
928 1221 1053 1305 elogium
1068 1222 1229 1304 prescribe.
1244 1222 1369 1285 Absuta-

294 1340 356 1387 tum
370 1350 418 1388 mc
433 1350 557 1400 ceuseo;
573 1328 646 1389 elius
661 1351 671 1389 s
687 1327 761 1389 Mihi
776 1341 825 1389 aut
840 1327 935 1403 fratri,
951 1330 1045 1410 paui,
1062 1330 1153 1389 amico
1169 1328 1366 1411 epitaphium:
1464 1370 1465 1391 t

294 1433 395 1495 domui
408 1447 459 1494 aut
469 1436 547 1507 arci,
563 1456 638 1507 arc,
654 1436 881 1517 inscriptionem.
894 1434 970 1511 Quid
982 1434 1121 1495 studiosos
1134 1437 1275 1515 juvenes,
1292 1447 1320 1494 et
1329 1437 1368 1494 tui
1464 1444 1465 1503 ξ

288 1539 398 1599 similes
423 1539 538 1615 dicam,
562 1541 618 1599 scis
632 1562 719 1622 quam
741 1543 776 1601 iis
792 1553 924 1623 pateam,
941 1540 1063 1616 audire,
1080 1540 1278 1622 respondem,
1297 1540 1369 1601 diri-
1464 1558 1465 1567 ³

290 1667 361 1728 gere
377 1659 406 1705 et
429 1647 459 1706 in
482 1648 529 1705 via
549 1668 676 1728 ponere,
699 1670 788 1729 quam
809 1661 917 1707 rectam
939 1668 1063 1720 censeo,
1079 1646 1251 1707 studiorum.
1274 1646 1368 1726 Hujus

289 1752 377 1813 unius
392 1774 485 1833 opcrae
500 1753 621 1814 minime
641 1754 717 1829 intes
737 1775 837 1814 omnes
856 1776 903 1815 me
923 1755 1070 1835 poenitet=
1092 1766 1120 1813 ct
1141 1753 1212 1835 quid
1227 1756 1366 1827 interest,
1464 1740 1465 1769 i

289 1880 360 1920 voce
375 1882 412 1919 an
429 1861 584 1941 scriptione
597 1861 695 1940 juvem
711 1883 720 1918 ε
737 1861 793 1920 nisi
809 1860 886 1941 quod
900 1859 959 1921 brec
970 1860 1007 1921 ad
1021 1860 1118 1941 plures
1133 1859 1253 1919 sortasse
1268 1859 1368 1919 venit?

287 1966 340 2026 scd
363 1965 414 2025 illa
438 1968 463 2026 si
486 1966 525 2027 ad
548 1969 719 2048 pauciores,
738 1968 878 2027 efficacius
902 1981 931 2027 ct
951 1967 1121 2028 fructuosius
1145 1966 1265 2027 fortasse
1279 1968 1366 2026 venit.
1464 2026 1465 2035 ,

290 2071 361 2131 Hac
375 2070 437 2133 lere
450 2075 510 2133 vita
524 2094 589 2133 mea
603 2085 665 2147 cst,
680 2086 711 2133 et
724 2071 799 2133 ferre
813 2072 934 2133 inducor
949 2096 957 2133 a

575 2236 684 2253 .......
696 2201 774 2256 levius
784 2198 814 2251 bl
824 2201 941 2275 patientia
952 2236 960 2263 ,

487 2290 617 2360 Quidquid
630 2291 750 2359 surrigere
759 2298 795 2341 est
806 2289 881 2341 reim.

290 2402 337 2463 Fit
352 2404 438 2463 ctiam
453 2404 594 2484 sapientia
607 2404 721 2475 levius,
738 2422 824 2482 quam
838 2424 892 2482 pro
905 2422 970 2462 mec
985 2400 1102 2463 modulo
1120 2422 1240 2483 usurpo.
1262 2400 1369 2463 Seneca

290 2509 458 2590 exemplum
469 2508 540 2568 mibi
551 2510 750 2589 monitumque
760 2507 881 2588 praebuit
892 2530 902 2579 a
917 2532 932 2561 a
944 2506 1057 2582 Quum,
1071 2508 1165 2589 inquit
1177 2503 1253 2588 (Ep.
1267 2506 1346 2589 exn)
1358 2552 1367 2581 ,

286 2638 334 2676 me
355 2616 454 2675 amicis
475 2612 561 2691 dedi,
577 2636 636 2674 non
651 2627 747 2674 tamen
769 2612 840 2673 rnibi
862 2612 973 2673 abduco
990 2637 998 2671 c
1018 2636 1071 2673 neo
1087 2636 1152 2673 cum
1174 2614 1231 2672 illis
1251 2634 1367 2686 moror,

286 2725 391 2806 quibus
405 2745 452 2785 me
466 2736 579 2805 tempus
593 2720 710 2813 aliquod
724 2722 926 2803 congregavit,
943 2734 993 2781 aut
1003 2742 1088 2781 causa
1103 2742 1141 2782 ex
1157 2722 1249 2781 officio
1263 2734 1340 2781 nata.
1352 2748 1366 2773 a

285 2830 365 2907 Quid
379 2832 473 2913 ergo?
488 2830 526 2890 ad
547 2850 594 2887 mc
615 2826 737 2887 subinde
761 2826 865 2900 redeo,
891 2827 964 2886 etin
980 2828 1075 2887 animo
1096 2827 1221 2886 Mutare
1236 2824 1367 2907 aliquid,

286 2950 373 3017 atquc
392 2937 458 2995 usui
481 2958 545 2995 meo
565 2956 659 2997 verso.
685 2931 800 2992 Leviter
823 2943 910 3012 atque
930 2932 1022 2992 obiter
1037 2932 1154 3013 quidem
1171 2956 1180 2990 c
1197 2930 1250 2991 sed
1271 2954 1367 2993 verso.

286 3041 357 3117 Quis
371 3054 449 3103 vetat
458 3043 602 3123 cupienti,
617 3032 686 3101 etin
697 3040 808 3099 theatro
821 3038 1022 3113 solitudinem,
1036 3041 1105 3099 etin
1116 3037 1272 3098 solitudine
1286 3038 1371 3099 tbca-

285 3160 364 3207 mum
378 3148 462 3207 esscl
477 3147 639 3226 Utrumque
659 3146 711 3206 tibi
734 3146 889 3217 stmxeris,
906 3145 1001 3203 animo
1018 3156 1047 3204 et
1069 3144 1290 3227 cogitationibus
1311 3144 1368 3205 buc

286 3253 418 3312 aurillac
438 3253 541 3312 missis.
566 3252 655 3311 Aiunt
674 3250 782 3332 apodes
804 3249 943 3331 quasdam
960 3270 1044 3323 aves,
1064 3272 1079 3309 a
1098 3271 1129 3309 re
1146 3249 1257 3323 dictas,
1281 3272 1367 3310 esse:
1464 3246 1465 3299 ἶ

287 3381 351 3440 quse
362 3380 451 3440 quum
461 3357 581 3440 longum
596 3368 646 3416 aut
659 3357 772 3415 bunum
787 3356 918 3414 insistere
934 3375 992 3415 non
1008 3356 1117 3436 possint
1130 3351 1275 3436 (pedibus
1290 3357 1369 3415 enim

286 3465 418 3547 carent),
430 3478 525 3526 umen
539 3488 622 3525 muro
633 3477 684 3523 aut
697 3463 791 3523 arbori
807 3463 915 3537 alfixae,
927 3476 976 3523 aut
990 3465 1020 3522 in
1035 3484 1101 3523 aere
1112 3484 1275 3545 suspense,
1289 3463 1371 3544 quod

285 3575 353 3633 satis
363 3574 400 3631 sit
410 3574 560 3653 quiescant
571 3594 579 3628 a
592 3572 696 3630 imitari
708 3592 859 3651 possumus
871 3614 879 3644 ,
893 3582 922 3630 et
933 3582 1049 3652 agentes
1061 3567 1168 3649 aliquid
1181 3582 1232 3629 aut
1240 3570 1371 3650 loquen-

284 3692 350 3751 tes,
366 3679 461 3738 animo
482 3678 697 3758 interjungere3
713 3688 742 3735 et
765 3678 871 3735 serium
891 3675 1027 3757 quiddam
1043 3674 1185 3735 meditari.
1204 3676 1370 3757 Cogitatio·-

285 3786 370 3844 nibus
383 3783 486 3857 bonis,
511 3784 563 3841 etsi
587 3781 744 3855 brevibus,
770 3802 883 3863 semper
903 3780 1048 3841 estlocus.
1074 3778 1160 3839 Facio
1185 3781 1291 3862 igitur,
1309 3802 1369 3862 qua

283 3912 399 3972 possum
412 3914 420 3947 ε
434 3889 485 3948 sed
501 3900 608 3969 quanto
621 3886 739 3946 liberius
755 3899 842 3967 atque
856 3886 988 3961 uberius,
1002 3907 1091 3967 quum
1102 3906 1223 3965 vespere
1234 3887 1369 3967 (morem

282 4020 379 4057 meum
391 3994 485 4077 nosti)
494 3995 563 4054 licet
573 3994 643 4053 mihi
658 3993 912 4075 prodeambalare,
926 4004 955 4051 et
964 3994 1069 4051 rnoenia
1081 3992 1148 4065 illa,
1164 4012 1267 4074 agros,
1282 4004 1369 4073 prata

282 4104 411 4166 calcare?
421 4105 503 4163 Tunc
513 4102 584 4161 mibi
596 4103 626 4161 in
640 4122 778 4182 pascuum
792 4120 888 4158 meum
901 4100 1044 4159 immissus
1058 4098 1168 4176 videor,
1184 4112 1253 4159 nanc
1264 4113 1369 4159 vetera

279 4208 311 4271 et
323 4234 398 4273 nova
413 4212 544 4272 ruminor
557 4222 644 4289 atque
659 4209 734 4290 agito
747 4251 756 4281 ,
771 4219 840 4267 tunc
857 4204 995 4267 Graeciam
1010 4218 1039 4266 et
1054 4204 1188 4281 Latium,
1214 4205 1367 4288 philologia
