2950 4934
324 447 391 532 sa
714 444 1005 514 exesurus

323 573 503 670 ignoscito,
519 569 582 638 tibi
592 573 659 665 ipsi
667 543 1006 665 nunquamTanturu
1018 573 1063 644 ad
1075 578 1234 646 virtutem
1243 577 1395 672 adjicies,

322 705 487 784 quantum
495 711 538 758 ea
546 688 720 782 voluptate
727 689 931 758 abstraxeris
948 693 1109 769 :stultum
1125 696 1398 766 estsumnodele

323 805 570 897 ctari,ctquasi
579 821 721 875 mortem
731 806 1395 906 moliri.Bonisnocet,quimalisparcit.

321 930 424 998 Multi
433 928 625 1023 quumaliis
636 928 864 1011 maledicunt,
881 930 948 998 sibi
960 931 1043 1024 ipsis
1055 935 1239 1002 convitium
1254 936 1393 1004 faciunt.
1462 955 1463 982 ¹

320 1047 416 1117 Nihil
431 1047 564 1140 turpius
574 1069 677 1138 quam
689 1047 750 1138 qui
764 1045 884 1137 objicit
896 1047 995 1116 alteri
1009 1048 1076 1117 sibi
1090 1049 1338 1142 objiciendum.
1352 1055 1395 1121 Ut
1462 1033 1463 1066 ¹

321 1162 498 1232 licentiosa
516 1164 703 1256 mancipia,
718 1163 824 1231 animi
842 1164 987 1257 imperio
998 1188 1101 1258 rege,
1116 1166 1292 1260 linguam,
1317 1167 1398 1236 libi-

322 1281 456 1366 dinem,
465 1295 633 1362 ventrem,
647 1281 937 1374 cupiditatemque
948 1283 1152 1376 comprime3
1167 1285 1196 1352 si
1207 1309 1277 1352 nun
1287 1300 1397 1378 potes,

321 1397 499 1493 paululum
512 1397 660 1466 remitte.
681 1397 775 1490 Saepe
796 1419 837 1464 ea
854 1421 931 1490 quse
951 1399 1063 1468 sanari
1088 1399 1221 1468 ratione
1241 1423 1314 1470 non
1340 1425 1400 1494 po-

324 1527 453 1596 teraut,
475 1527 592 1581 sanata
606 1527 686 1581 sunt
707 1527 873 1606 tempore.
892 1511 965 1604 Qui
979 1529 1120 1608 propter
1132 1515 1291 1606 pecumae
1308 1538 1399 1584 amo·

322 1654 395 1699 rem
409 1645 445 1698 et
456 1626 640 1698 libidinum
655 1629 811 1710 moritur,
827 1615 977 1698 ostendit
989 1653 1025 1699 se
1040 1654 1217 1722 nunquam
1230 1632 1287 1702 sui
1300 1655 1398 1700 causa

323 1748 457 1817 vixisse.
470 1749 603 1841 Turpia
612 1769 657 1815 ne
666 1746 805 1831 dixeris,
819 1746 980 1839 paulatim
993 1749 1085 1816 enim
1098 1747 1211 1842 pudor
1219 1771 1285 1841 per
1294 1749 1398 1819 verba

322 1862 516 1934 discutitur.
537 1862 594 1933 Sic
612 1861 747 1948 babitu,
771 1877 808 1930 ut
826 1861 939 1956 potius
954 1859 1113 1932 laudetur
1125 1862 1285 1934 dominus
1299 1887 1399 1956 quam

321 1977 455 2050 domus.
475 1976 781 2048 Consuetudiuaria
799 2001 854 2048 res
871 1992 923 2046 est
940 1979 1155 2066 innocentia,
1175 2001 1245 2050 non
1260 1978 1399 2049 damna·

322 2097 391 2178 tio,
418 2095 479 2165 sed
502 2118 604 2163 causa
629 2093 802 2162 hominem
822 2108 956 2186 turpem
976 2093 1069 2164 facit.
1094 2095 1220 2165 Merito
1243 2093 1397 2164 damnari

323 2233 424 2303 poena
443 2225 516 2291 est,
540 2209 711 2277 damuatio
733 2207 902 2276 immerita
921 2207 1114 2276 damnantis
1134 2224 1185 2276 est
1207 2208 1393 2278 calamitas.

320 2327 356 2395 Si
370 2327 502 2419 aliquid
515 2325 736 2418 cogitaveris,
754 2325 820 2393 cito
835 2323 1014 2417 apparebit
1028 2325 1326 2394 conversantibus.
1340 2327 1397 2395 vi-

321 2441 397 2511 deri
410 2443 463 2510 vis
476 2441 520 2510 ab
534 2440 711 2526 omnibus3
727 2463 901 2530 nunquam
916 2439 1013 2508 bunae
1026 2438 1213 2510 honestatis
1224 2441 1396 2509 simulatio

321 2557 423 2652 longa
436 2572 500 2625 est.
514 2553 619 2650 Quod
640 2553 683 2622 de
701 2553 824 2623 alienis
843 2569 981 2638 tractas,
1000 2578 1039 2622 ex
1052 2557 1119 2623 tuis
1129 2554 1278 2647 judices.
1297 2557 1395 2624 Multi

322 2691 402 2744 sunt
421 2673 618 2768 obligandi,
641 2672 742 2765 pauci
764 2670 981 2755 offendendi3
1003 2695 1081 2740 nam
1102 2675 1267 2742 memoria
1288 2673 1396 2744 bene-
1462 2655 1463 2664 ἵ

320 2793 478 2862 liciomru
489 2789 598 2858 facilis
610 2802 662 2856 est
674 2787 875 2880 injuriarum
886 2802 997 2858 tenax.
1008 2788 1250 2882 Objurgationi
1260 2815 1396 2884 semper

320 2905 453 3001 aliquid
477 2903 604 2973 blande
629 2901 796 2986 admisce,
819 2901 952 2972 facilius
974 2905 1064 2972 enim
1087 2920 1270 2996 penetrant
1290 2907 1396 2976 verba

321 3047 396 3117 qum
407 3021 503 3092 molli
518 3018 648 3090 vadunt
662 3019 740 3100 via,
763 3041 863 3108 quam
882 3039 1014 3111 aspera.
1036 3021 1143 3090 Nemo
1161 3023 1253 3090 enim
1268 3045 1306 3092 sc
1320 3049 1398 3092 mn-

319 3153 387 3222 tnt,
406 3136 467 3229 qui
479 3135 603 3202 mutari
615 3156 651 3201 se
664 3131 834 3224 desperet.
849 3129 992 3223 Quoties
1004 3132 1158 3204 scribens
1170 3135 1305 3228 aliquid
1318 3135 1396 3206 dic-

319 3271 418 3323 turus
437 3277 496 3338 es,
522 3252 607 3320 scito
622 3271 764 3354 'morum
782 3263 916 3350 tuorum
942 3265 976 3317 te
998 3248 1194 3320 hominibus
1212 3253 1398 3346 chirogra-

318 3369 428 3466 phum
440 3369 537 3436 dare.
554 3365 626 3459 Qui
645 3366 680 3434 in
695 3387 812 3434 servos
829 3365 987 3434 irascitur
1004 3381 1038 3434 et
1054 3364 1203 3436 crudelis
1219 3383 1290 3454 est,
1312 3373 1397 3438 satis

320 3481 469 3553 ostendit
486 3493 685 3575 potestatem
704 3477 867 3546 adversus
885 3476 1015 3546 alienus
1040 3478 1107 3547 sibi
1133 3475 1296 3548 defuisse.
1319 3481 1396 3574 Qui

318 3602 428 3671 nescit
448 3615 579 3678 tacere,
600 3597 709 3664 nescit
724 3593 831 3687 loqui.
852 3595 1002 3663 Facilius
1014 3609 1066 3664 est
1078 3598 1221 3688 pauperi
1238 3615 1399 3668 contem-

320 3735 416 3812 ptum
429 3715 599 3808 effugere,
617 3736 717 3804 qrram
731 3709 830 3778 diviti
844 3711 1020 3781 invidiam.
1038 3714 1151 3782 Ronus
1163 3713 1291 3782 fruitur
1304 3715 1398 3784 bona

320 3833 540 3904 couscientia.
561 3829 663 3898 Malis
678 3828 873 3896 hominihus
892 3831 1094 3898 tutissimum
1108 3844 1160 3898 est
1172 3831 1240 3898 cito
1255 3832 1394 3926 fugere.

321 3950 424 4020 Nulla
440 3946 563 4043 pusilla
580 3945 718 4028 dumus,
734 3969 811 4038 quae
828 3945 950 4015 multus
962 3947 1087 4016 amicus
1103 3947 1207 4040 capit.
1226 3947 1327 4017 Scire
1344 3953 1397 4018 uti

321 4078 540 4158 paupertate,
556 4063 700 4132 maxima
713 4061 868 4130 felicitas.
881 4061 982 4133 Acuit
992 4063 1156 4148 intentio,
1175 4062 1306 4156 frangit
1319 4068 1400 4132 ani-

323 4200 413 4249 mum
432 4181 595 4249 remissio.
617 4183 799 4273 Nunquam
822 4179 930 4248 scelus
953 4179 1079 4248 scelere
1101 4180 1309 4250 vincendum
1326 4199 1396 4250 est.
