2950 4934
259 455 509 526 PHYSIOL.
535 453 798 527 stomun.
823 455 922 524 ΜΒ.
946 455 976 524 1.
1084 459 1151 555 537

87 611 115 674 pt
126 596 260 681 Speeifflu
272 600 393 682 siugulis
406 599 571 660 mortalibus
586 597 698 660 Genius
713 599 891 674 admovetur,
902 619 989 682 quem
1000 611 1030 660 et
1039 598 1154 662 Presu-

88 718 158 778 tem,
179 705 259 786 qnod
278 707 389 788 presit*
404 706 539 790 gerundis
559 707 706 780 omnibns,
720 717 905 768 emerunt.
921 705 994 766 Num
1010 717 1039 766 et
1053 707 1153 790 populi

88 809 194 885 Guiio,
203 832 293 892 qnmn
304 811 452 874 Generalis
463 813 600 893 poscitur,
611 813 790 895 supplicaut3
801 825 830 873 et
840 813 1036 895 nnmqmsqne
1047 813 1154 900 gnber-

86 919 174 978 nstcri
189 918 305 1002 proprio
320 918 458 1000 dependit
476 919 655 1000 obsequium.
670 944 686 972 s
704 917 763 979 Ubi
776 931 872 979 tumen
890 917 1058 981 Generalem
1072 921 1154 982 illum

86 1021 253 1110 adpopulos
266 1035 376 1084 tantum
390 1023 532 1106 singulos,
547 1023 766 1106 provinciisque
779 1047 788 1083 ι
800 1024 873 1084 sicut
887 1025 1038 1104 specialem
1049 1023 1086 1084 ad
1099 1024 1155 1086 bo-

85 1129 193 1202 mines,
212 1130 317 1203 nrbes,
339 1131 402 1208 locp
423 1131 479 1189 alia
501 1142 597 1204 certa,
619 1130 733 1190 videmr
753 1129 885 1214 allegare.
903 1128 960 1190 Sed
975 1131 1155 1191 varroniana

85 1255 163 1294 mens
178 1235 234 1295 ulia
248 1234 303 1296 luit
318 1258 327 1293 ε
343 1237 396 1295 etsi
410 1249 477 1317 apta
490 1248 520 1295 et
533 1258 600 1298 vern
617 1236 702 1304 etiam
718 1234 778 1294 baec
796 1233 917 1308 divisio,
934 1235 1074 1316 quosdam
1089 1235 1155 1296 Ge-

85 1340 195 1400 niornm
209 1341 264 1400 sub
279 1341 328 1400 illo
342 1363 447 1424 magno
463 1342 657 1423 Imperatore,
679 1342 759 1402 velut
779 1339 899 1425 Legatos
924 1353 974 1402 aut
986 1341 1151 1416 Tribunos,

84 1445 194 1525 populis
207 1443 428 1528 regionibusque
440 1468 557 1518 cnrare;
573 1448 643 1508 alios
655 1448 759 1507 iterum
774 1448 856 1529 quasi
869 1447 1072 1522 Centuriones,
1089 1447 1154 1508 col-

84 1551 181 1633 legiis,
198 1550 312 1633 oppidis
322 1595 331 1625 ,
341 1552 486 1635 vicimum
503 1552 627 1635 deniqne
642 1565 671 1620 et
685 1553 814 1635 gregales
829 1553 945 1628 milites,
963 1553 1082 1636 singulis
1096 1551 1154 1612 bo-

84 1657 224 1732 mimbus,
246 1659 383 1742 locisque.
409 1658 453 1718 Ita
475 1660 615 1741 templum
638 1657 726 1718 Genii
735 1659 861 1738 publici,
886 1658 946 1719 sive
970 1657 1057 1719 Genii
1070 1681 1102 1740 p.
1127 1683 1152 1720 r.

84 1763 185 1828 scimus
200 1765 230 1824 in
243 1763 324 1825 Urbe
340 1763 429 1824 luisse
451 1787 460 1822 ε
481 1765 550 1824 item
563 1763 707 1838 coloniis,
722 1785 789 1824 suos
804 1761 913 1832 Genios
930 1787 939 1822 ε
956 1765 1012 1845 ipsi
1029 1765 1155 1847 Principi

84 1870 198 1929 seorsim
209 1891 309 1945 sunm,
321 1869 501 1954 grandiorem
513 1870 636 1952 aliquem
646 1869 801 1952 grandiori.
815 1867 1006 1954 Panegyricus
1014 1871 1153 1953 scriptor,

86 1973 210 2035 «Habes
225 1974 351 2056 prolecto
364 1975 480 2057 aliquod
491 1996 557 2035 cnm
571 1976 620 2035 illa
632 1975 732 2036 Mente
748 1974 864 2049 divine,
881 1973 1085 2050 Constantine,
1103 1998 1154 2038 se-

84 2093 209 2161 cretum,
224 2104 307 2176 quq,
325 2078 454 2165 delegata
467 2082 557 2142 nostri
571 2081 626 2142 diis
639 2081 798 2142 minoribus
818 2103 905 2155 cure,
921 2081 973 2142 nni
989 2103 1020 2143 se
1035 2081 1087 2142 tibi
1104 2081 1155 2142 di-

83 2202 184 2269 gnatur
207 2190 367 2255 ostendere.
379 2179 399 2259 i
411 2187 589 2262 Ostendens,
615 2211 668 2270 per
689 2191 802 2250 astitem
817 2201 846 2250 et
859 2190 1010 2272 praestitem
1027 2187 1153 2249 Genium

83 2295 204 2378 aliquem
221 2296 390 2380 digniorem.
415 2295 488 2380 licta
509 2298 689 2379 superstitio,
711 2319 749 2370 un
767 2298 892 2358 adulatio
904 2309 985 2358 setin
1000 2298 1150 2372 Romana,

83 2422 133 2479 per
147 2400 274 2478 Genium
291 2401 432 2483 Principis
454 2403 584 2486 religiose
604 2404 771 2482 jurantium.
792 2405 830 2462 At
851 2405 953 2478 nobis,
975 2403 1086 2485 inquit,
1103 2403 1153 2462 Dii

84 2507 205 2575 minores
215 2507 369 2585 sufficiunt.
382 2508 584 2591 Vulgntissima
599 2520 693 2585 autem
706 2507 765 2568 haec
779 2495 918 2586 septentia
931 2507 1057 2584 Genios,
1071 2530 1153 2585 aua·

84 2611 129 2692 tuli
143 2612 214 2687 die,
231 2615 334 2694 cuique
347 2615 544 2674 asserentium.
558 2613 718 2673 Menander
735 2637 744 2672 s

241 2735 334 2800 dmm
348 2748 436 2814 δαῖμον
446 2748 513 2816 dsdpl
526 2755 714 2817 superoptime?

243 2827 319 2899 iudice
329 2839 439 2906 yssopdsis
448 2877 456 2904 ,
466 2839 611 2905 μυσηηὶς
622 2844 663 2889 τοῦ
676 2837 741 2906 βίον·

241 2949 337 3018 Cuique
346 2952 437 3002 Genius
443 2952 556 3019 jungitur
562 2951 704 3003 matium

244 3042 334 3092 sittim
341 3041 409 3093 edito
419 3079 428 3103 ,
439 3042 578 3093 modeniot'
585 3049 614 3092 ui
623 3043 678 3093 Vlia
686 3043 740 3093 slei·

81 3161 277 3243 Mystugogwu
298 3165 347 3225 ille
369 3165 459 3240 dixit,
476 3164 585 3235 Seneca
600 3179 696 3226 noster
710 3163 913 3245 Padagcgum.
932 3193 946 3221 s
958 3165 1086 3250 Sepone,
1103 3169 1154 3228 in-

80 3271 141 3351 quit
152 3269 261 3353 (Epist.
276 3269 353 3353 exi),
366 3273 397 3332 in
407 3274 574 3354 presentia,
592 3295 654 3354 quse
665 3272 838 3364 quibusdum
849 3274 962 3356 placent
971 3299 979 3332 ε
989 3274 1153 3358 Unicuique

80 3389 207 3438 nostrum
229 3377 415 3463 Paedagogmn
439 3381 500 3449 dari
522 3379 635 3454 Deum,
659 3402 717 3440 non
741 3382 857 3462 quidem
878 3381 1078 3455 Ordinsrium3
1102 3383 1153 3444 sed

79 3481 153 3543 bunc
168 3482 311 3546 inferioris
327 3465 418 3572 notu,
434 3507 470 3568 ex
487 3508 586 3547 eorum
600 3509 719 3550 numeru
734 3509 805 3568 quos
816 3487 935 3550 Ovidius
947 3490 1002 3564 sit,
1018 3489 1055 3551 de
1067 3491 1152 3572 plebe

79 3587 165 3666 Deos.
178 3613 193 3655 s
214 3589 388 3672 Quibusdam
399 3591 512 3673 placere
525 3591 580 3654 boc
594 3595 633 3653 ait
645 3617 653 3652 ι
665 3595 769 3675 quibus
778 3595 984 3676 lStoicissuis3⁴
997 3617 1063 3656 num
1078 3596 1149 3676 jun-

78 3695 138 3774 git:
154 3696 218 3756 «lu
227 3708 322 3771 tamen
332 3695 386 3756 boc
397 3718 517 3779 seponas
527 3698 608 3772 volo,
621 3711 655 3758 ut
663 3701 828 3775 memineris
837 3702 958 3780 majores
969 3713 1089 3776 nostros,
1097 3703 1148 3784 qni

78 3785 263 3863 crediderunt
274 3789 460 3878 boc,Stoicos
477 3803 574 3864 luisse.
588 3805 713 3887 Singulis
730 3807 807 3868 enim
825 3818 853 3866 et
865 3805 989 3866 Genium
1007 3818 1036 3866 et
1050 3805 1146 3866 Junc-

77 3929 144 3973 nem
159 3908 313 3968 dederunt.
327 3936 341 3962 s
352 3908 495 3984 Genium,
508 3932 612 3993 nempe
621 3910 700 3985 viris,
712 3910 868 3985 lunonem,
878 3910 1002 3972 foeminis
1015 3909 1063 3972 =id
1073 3924 1151 3986 erat,

78 4035 186 4088 marem
194 4008 335 4089 Genium,
349 4015 569 4098 luminumque,
582 4039 726 4098 pmsexn.
743 4017 850 4078 Plinius
863 4015 932 4098 (lib.
945 4017 994 4094 II,
1008 4029 1071 4101 cap:
1086 4016 1143 4101 7)=

109 4219 118 4270 ¹,
128 4215 188 4270 ldeo
198 4226 223 4271 et
232 4219 310 4270 Greci
321 4217 394 4291 τῦχην
409 4220 521 4272 Genium
531 4227 636 4273 vertunt.
