2950 4934
232 457 756 532 Pnrs10o..sro1con.
783 460 881 530 mn.
907 461 962 528 11.
1066 463 1133 554 5⁸⁷

60 602 195 686 amede)
208 603 280 664 nihss
299 604 470 686 pnrtieiprre
483 625 550 664 oum
566 625 610 664 eo.
626 629 641 658 ιι
658 606 819 680 mentri,
836 617 869 665 nt
883 603 961 678 elixi,
978 623 1044 663 enm
1067 601 1136 662 Pn-

62 725 147 784 tone,
163 711 263 771 eoelum
278 723 307 772 et
322 723 398 772 astro
416 710 1136 793 igneusetqnurtumboolllementnmibiloctnt.

62 818 160 892 Quid,
177 816 759 893 euml’lntonelnntesnmllernelitus‚
776 841 794 878 n
811 839 869 900 qno
885 815 1141 878 nostrosbrnsisse

63 925 122 984 vult
135 925 214 1006 apud
228 924 355 984 Trrllitun
370 923 453 984 Cotta
464 921 531 1006 (111
543 924 591 984 De
600 923 701 986 Notior.
720 922 831 1005 Dent.)
846 947 856 984 s
870 951 884 978 α
900 923 958 984 Sed
972 923 1069 983 omnia
1082 943 1140 982 ve-

63 1031 112 1090 stri
122 1028 270 1114 (Stoici),
281 1028 388 1105 Balbe,
404 1030 497 1090 solent
506 1030 543 1090 ed
554 1031 669 1113 igneum
682 1031 742 1091 vim
754 1029 881 1103 referre,
896 1029 1095 1102 Heraclitum,
1107 1039 1141 1088 ut

63 1138 185 1217 opinor,
200 1149 364 1218 sequentes.
382 1163 398 1192 ιι
415 1137 473 1197 see
486 1157 670 1219 quocumque
684 1150 821 1212 suntote,
843 1137 982 1197 sententia
999 1147 1077 1196 eertn
1097 1145 1143 1194 est

66 1255 226 1324 «quornm
239 1254 350 1325 partem
362 1241 678 1326 Mundifflthemm)
693 1256 723 1304 et
735 1245 898 1326 ipsammet
912 1255 1015 1303 narum
1028 1240 1143 1302 seeun-

65 1348 129 1409 dan
145 1368 230 1420 esse,
245 1360 276 1408 et
288 1349 397 1408 onteds
408 1350 518 1409 nutriris
532 1350 665 1410 omnibns
679 1350 832 1412 salutarem
848 1349 997 1432 impertire
1012 1361 1041 1408 et
1062 1349 1142 1408 vitn-

66 1455 120 1514 lem
134 1454 270 1514 celerem.
290 1477 305 1510 s
320 1453 424 1539 (Idem
436 1453 469 1515 ll
484 1454 573 1537 Nat.)
587 1456 661 1516 Num
676 1477 814 1538 superum
830 1455 908 1518 hune
923 1455 1041 1539 Ignem,
1054 1475 1141 1537 quem

67 1561 106 1620 ili
124 1587 138 1614 ι
153 1583 279 1643 purum,
292 1560 443 1635 lucidum,
458 1575 593 1638 tenuem,
606 1562 743 1624 mobilem
754 1590 769 1618 r
782 1565 1012 1635 constituebant3
1028 1563 1143 1624 misceri

66 1667 198 1726 omuibus
219 1667 373 1742 volebant,
399 1679 430 1728 et
452 1669 564 1741 vitum,
579 1671 789 1753 vegetationem
803 1673 814 1747 ,'
836 1684 885 1731 snt
899 1671 1144 1731 conservationem

68 1770 144 1834 dare.
162 1771 299 1854 Denique
313 1773 391 1833 bune
404 1793 468 1834 esse
487 1801 502 1828 ι
515 1773 778 1852 Mantiniam,
795 1801 810 1830 υ
831 1775 909 1836 bunc
925 1777 1043 1838 Deums
1061 1777 1144 1838 illum

68 1877 130 1938 dieo
143 1880 176 1939 iu
188 1905 206 1934 ι
217 1877 322 1940 ethere
332 1879 464 1941 ardorem
475 1894 607 1958 tenuem,
618 1884 756 1966 nullaque
765 1883 936 1944 admistione
946 1896 1143 1944 concretum.»

69 1984 168 2067 ltaque
183 1987 357 2048 describitur
373 1989 409 2048 iis
424 2012 433 2047 s
458 2016 472 2042 ι
485 1989 592 2050 Colum
613 2003 745 2052 extrema
768 1991 1020 2066 circumferentia,
1042 1993 1074 2052 in
1087 2011 1146 2073 quo

70 2093 164 2154 sedem
182 2093 272 2156 babet
292 2093 436 2178 quidquid
457 2107 502 2156 est
515 2095 656 2158 divim.
679 2095 810 2181 »(1bid.
827 2097 924 2159 Luert.
948 2099 979 2158 in
994 2097 1146 2180 Zenone.)

72 2198 399 2283 thunnqnamomnis
421 2203 640 2284 capitulis,
666 2218 882 2288 tumensnpera
902 2207 1070 2289 ejmmngis
1092 2215 1148 2266 set

73 2309 221 2369 Cleanthes
233 2307 286 2390 (in
299 2309 412 2384 Tullio,
428 2309 444 2368 1
459 2311 504 2371 De
518 2312 585 2371 Nat.
603 2311 707 2393 Deor.)
724 2336 733 2371 s
753 2341 767 2367 ιι
783 2335 874 2395 quum
892 2313 988 2395 ipsum
1002 2311 1147 2373 Mundum

73 2416 237 2479 eoeneum
256 2416 345 2491 dicit,
361 2427 423 2476 tnm
445 2416 579 2477 ultimum
594 2431 624 2478 et
644 2419 813 2478 altissimum
835 2432 921 2502 etque
942 2419 1072 2503 nudique
1086 2419 1148 2480 cir-

75 2522 233 2582 cumfusum
245 2535 274 2583 et
284 2535 465 2596 extremum,
479 2522 577 2583 omnin
592 2525 755 2606 cingentem
769 2536 856 2607 atque
868 2526 1051 2606 complexum
1062 2524 1150 2586 urdo-

75 2649 152 2702 rem,
172 2628 225 2710 qui
247 2625 347 2689 AEtber
370 2629 545 2704 nominatur,
568 2630 760 2690 certissimum
776 2629 873 2692 Deum
886 2630 1007 2710 judicet.
1028 2657 1042 2684 n
1065 2631 1150 2706 Quod

75 2731 164 2814 Scipio
175 2735 262 2794 etium
274 2734 333 2808 ito,
349 2733 465 2796 doctore
479 2735 587 2796 seilicet
601 2735 745 2811 Pnnaetio,
759 2735 921 2807 stoicissuus
939 2735 1017 2817 apud
1033 2735 1151 2796 Cicero·

76 2859 137 2898 nem
147 2839 160 2922 (
169 2837 207 2898 ln
217 2837 338 2922 Somn.)
351 2863 360 2899 s
376 2867 390 2894 s
407 2840 493 2900 Orbis
502 2841 621 2902 celestis
629 2844 748 2904 ultimus
758 2887 767 2918 ,
778 2845 828 2924 qui
843 2844 969 2924 reliquos
979 2841 1151 2923 complecti-

77 2956 129 3019 tnr,
139 2945 275 3007 Summus
287 2949 351 3028 ipse
364 2946 464 3020 Dens,
486 2968 588 3008 mens
604 2961 633 3009 et
647 2933 798 3010 continens
820 2961 945 3010 eeteros.
963 2975 978 3003 s
993 2948 1061 3024 Qua
1075 2949 1151 3008 'tulis

77 3050 235 3115 Macrobius
245 3065 342 3114 tamen
355 3053 393 3113 ad
403 3054 529 3115 Plutonis
537 3055 672 3138 dogmate
682 3054 788 3131 trabit,
802 3057 941 3117 Cicerone
952 3054 1031 3116 bend
1041 3077 1153 3138 nsque-

78 3180 185 3241 qunque
208 3161 333 3222 volente.
361 3160 402 3222 Ut
426 3163 504 3222 enim
530 3184 548 3222 u
572 3163 662 3223 Terra
687 3163 829 3245 gradatim
855 3165 986 3224 tenuiora
1006 3163 1103 3223 omnio
1124 3175 1154 3223 et

77 3269 187 3346 pmiorn
202 3268 277 3327 finnt
289 3268 395 3349 Aque,
410 3269 489 3342 Aer,
505 3267 586 3351 Ignis
603 3291 612 3328 s
631 3270 672 3330 ita
687 3270 719 3329 in
734 3271 798 3350 ipso
822 3269 894 3353 Igne
909 3271 952 3331 illi
967 3270 1097 3354 gradus,
1124 3283 1161 3331 et

79 3393 184 3435 summa
199 3375 263 3453 ejus
278 3395 345 3456 pnrs
359 3375 512 3455 purissimo
522 3397 614 3457 eoque
622 3377 750 3436 maxime
761 3375 858 3437 dimne
871 3421 880 3451 ,
892 3389 921 3438 et
935 3375 1066 3438 Rationis
1077 3377 1154 3438 illius

79 3479 259 3564 incorporalis
270 3480 365 3542 sedes.
377 3481 461 3541 Hsno
472 3482 637 3565 Pytbngorae
649 3483 736 3543 etism
751 3496 877 3544 mentem
898 3484 1036 3546 adscribit
1054 3484 1153 3544 Theo-

79 3585 189 3667 philus,
205 3587 400 3648 Antiochenus
417 3590 567 3649 Antistess
595 3615 609 3644 a
624 3587 820 3673 Pytbugorus,
836 3591 932 3672 inquit
945 3589 1021 3674 (lib.
1047 3589 1095 3649 111
1116 3589 1153 3651 ed

81 3694 289 3777 Autolycum),
302 3717 407 3780 magno
424 3697 522 3758 labore
538 3698 597 3758 inin
607 3708 637 3757 et
647 3718 758 3758 summe
769 3709 980 3780 perscrutatus,
994 3709 1153 3759 extremam

80 3815 225 3878 naturam,
242 3805 338 3864 Deum
352 3786 490 3866 autuma't.
510 3831 525 3859 s
539 3805 596 3881 Qui
611 3818 707 3866 tumen
724 3807 874 3866 sublimius
889 3807 975 3887 paulo
990 3807 1154 3888 rectiusque
1273 3799 1277 3816 ⁸

81 3907 185 3970 loeutus
195 3911 267 3970 mibi
277 3911 392 3994 legitur,
403 3913 435 3971 in
445 3912 593 3972 Clemente
605 3935 614 3972 ε
627 3937 642 3967 s
656 3913 735 3974 Deus
746 3956 754 3987 ‚
767 3911 882 3995 inquit(
892 3911 928 3972 lu
939 3909 1133 3995 Protreptico)
1144 3955 1153 3985 ,

82 4037 170 4091 nnus3
185 4033 217 4080 et
230 4019 277 4094 is,
295 4040 356 4080 nou
369 4033 403 4080 nt
424 4020 542 4102 quidum
556 4023 748 4103 suspieentur,
767 4033 847 4081 extra
866 4019 1029 4096 Mundum,
1046 4019 1098 4080 sed
1124 4019 1156 4079 in

84 4123 141 4203 ipso
154 4139 230 4188 totus
242 4173 252 4204 ‚
264 4131 296 4189 in
310 4141 369 4190 toto
382 4131 489 4191 circulo
503 4132 647 4213 inspector
662 4143 748 4212 utque
763 4130 870 4191 arbiter
884 4132 976 4192 omnis
993 4129 1155 4213 generatio·

84 4231 124 4291 nb
135 4276 146 4308 ,
158 4238 310 4320 temperies
328 4239 527 4300 universorum
543 4262 551 4310 3
566 4240 617 4321 qui
631 4260 747 4319 semper
761 4249 804 4300 est
815 4238 913 4320 opifex
929 4259 1045 4298 anonim
1067 4249 1156 4318 pote-
