2950 4934
370 507 443 577 Ex
466 505 644 576 LIBRIS
667 505 896 576 SENECAE.
1103 509 1170 601 395

111 641 166 709 bili
181 639 329 734 flagret,
367 636 469 730 pluru
494 650 648 730 tempore
676 607 957 730 suspicionibus,
986 636 1168 730 lucrymis,

111 753 398 851 conquestionibus
416 751 548 847 perdit,
576 753 692 824 odium
710 754 764 822 sui
782 752 886 838 feeit,
906 767 942 821 et
962 751 1036 849 ipse
1055 753 1174 824 novis-

111 876 186 943 sime
199 872 265 943 sibi
284 869 364 941 odio
381 885 444 940 est.
464 896 482 936 s

539 992 622 1086 13:210
633 1031 708 1086 intre

155 1178 210 1248 32.
229 1177 350 1249 Refert
373 1193 541 1273 preterea
556 1179 708 1262 Seneca,
737 1173 972 1276 neugnnvisse
994 1203 1030 1249 se
1053 1203 1175 1274 quem·

111 1291 180 1363 dnm
193 1311 349 1366 ornatum
363 1292 560 1380 homiuem,
577 1295 638 1389 qni
652 1295 806 1364 exiturus
819 1297 855 1365 in
869 1295 1058 1390 publicum,
1072 1296 1177 1366 inscie

110 1412 212 1480 uxoris
226 1428 347 1505 pectus
366 1411 568 1508 colligabat,
584 1428 676 1481 etue
690 1429 817 1506 puncto
832 1411 971 1506 quidem
984 1411 1077 1482 horte
1091 1436 1178 1506 prm·

110 1528 207 1596 sentia
220 1528 296 1621 ejus
312 1551 430 1597 eurere
446 1542 603 1623 poterat,
618 1516 861 1622 potionemque
875 1527 1003 1597 nuliam
1015 1528 1083 1598 uisi
1094 1528 1179 1598 elte-

110 1643 175 1712 rins
197 1658 320 1712 tactum
348 1642 477 1728 labris,
496 1644 551 1713 vir
571 1660 606 1714 et
629 1669 715 1714 uxor
733 1644 942 1716 hauriebant
962 1670 971 1714 ε
989 1643 1057 1714 ulia
1069 1644 1179 1714 ¹deiu-

110 1779 183 1850 eeps
199 1782 270 1826 uon
284 1757 396 1826 minus
411 1758 533 1852 inepte
549 1757 736 1844 incientes,
762 1759 800 1827 iu
824 1782 901 1852 que
919 1758 1110 1853 improvide
1126 1757 1179 1829 ris

109 1879 251 1951 ardentis
267 1881 409 1951 affectus
425 1882 639 1978 erumpebat.
661 1909 679 1948 s

585 2053 618 2112 in
629 2051 690 2104 fine.

155 2193 213 2264 33.
233 2223 253 2262 n
269 2197 355 2265 Nam
373 2194 482 2290 qnid,
504 2197 554 2265 nit
571 2197 724 2282 Seneeu,
739 2193 783 2264 de
800 2195 886 2264 viris
903 2193 1114 2290 pauperibus
1127 2191 1184 2262 di-

110 2334 175 2379 cam
189 2313 205 2381 i
217 2335 365 2405 quornm
380 2315 420 2381 in
437 2331 563 2382 nomeu
580 2313 717 2396 mariti,
734 2310 779 2381 ad
797 2309 984 2381 eludendus
1003 2311 1098 2406 leges
1112 2333 1187 2404 quae

111 2443 218 2498 contra
240 2428 378 2498 celibes
398 2445 478 2498 sunt
494 2480 504 2514 ,
523 2453 604 2524 pers
622 2453 747 2524 magun
765 2428 980 2498 conducitur.
1003 2428 1188 2524 Quomodo,

111 2558 216 2636 petest
233 2567 358 2636 regere
374 2567 508 2630 mores,
522 2559 564 2612 ‘et
580 2545 770 2638 precipere
788 2544 1002 2628 castitatem,
1020 2560 1054 2614 et
1068 2545 1183 2614 mariti

111 2662 341 2746 ¹auetoritintem
356 2661 468 2747 tueri,
484 2661 545 2753 qui
563 2661 681 2756 nupsit
694 2662 755 2728 'Pn

297 2889 329 2946 tt
338 2893 536 2960 susumus,
548 2889 581 2944 t·
593 2887 694 2944 dvitsts
702 2889 770 2960 Dei,
782 2889 827 2944 lib.
837 2891 875 2944 vl
887 2928 895 2959 ‚
907 2908 961 2964 up
971 2903 997 2942 x.

448 3023 500 3103 34.
528 3039 572 3106 un
591 3039 856 3086 sursusmronu.

149 3177 242 3244 Hune
251 3179 356 3244 lorum
368 3201 433 3265 pree
444 3179 513 3243 aliis
526 3178 670 3241 omnibus
681 3178 786 3242 landet
796 3177 902 3244 Justus
918 3175 1041 3265 Lipsius
1053 3226 1063 3262 ,
1074 3194 1108 3244 ut
1117 3196 1190 3268 pute

111 3289 256 3364 ecumbe,
278 3288 448 3370 pmdeun'cr,
470 3288 599 3349 libertate
612 3285 817 3372 preclarum
841 3286 883 3349 ita
908 3299 941 3348 nt
967 3286 1055 3349 illurn
1073 3287 1106 3349 iu
1127 3289 1190 3352 snis

112 3389 235 3473 illectis,
247 3390 301 3456 lib.
312 3387 357 3472 ll,
369 3415 396 3458 e.
406 3410 502 3473 xvm,
510 3394 672 3457 inseruerit
682 3406 712 3456 et
722 3393 926 3479 peculiaribus
936 3394 1017 3458 notis
1025 3397 1189 3474 ornaverit,

114 3521 185 3582 ques
202 3500 255 3565 bic
265 3521 321 3564 sno
337 3522 470 3584 quasque
480 3500 550 3564 loco
564 3501 762 3587 apponendas
771 3487 952 3567 curavimus.
961 3499 1126 3585 Postquain
1137 3502 1190 3565 ln-

112 3627 181 3676 tum
190 3609 351 3693 exscripsit
361 3654 371 3688 ‚
383 3609 533 3673 exclamat
545 3633 553 3671 ι

83 3755 89 3767 ”
152 3779 168 3807 ι
179 3751 428 3839 magmenta,
442 3754 604 3836 etquidem
614 3767 689 3818 tote.
702 3754 790 3817 Jurit
804 3755 886 3818 enirn
896 3754 1087 3818 describere:
1102 3767 1190 3836 atque

112 3859 226 3930 ‚utimr
239 3861 329 3946 plura
340 3859 347 3922 !
360 3859 445 3924 Nam
457 3860 529 3942 quid
542 3881 605 3923 non
620 3862 720 3925 solum
736 3861 882 3942 liberius,
899 3862 953 3925 sed
970 3859 1100 3940 melius,
1120 3881 1191 3925 een-

145 4139 167 4172 ι.
187 4117 248 4194 Qui
257 4121 353 4190 nupsit.
365 4096 465 4198 Nempe
481 4141 626 4196 pnnpertu-
676 4136 702 4176 et
716 4143 823 4176 rusuuru
837 4121 927 4189 veuit,
939 4120 1050 4175 ferturus
1067 4119 1136 4192 qued
1146 4120 1193 4192 in-

112 4197 219 4266 insilis,
230 4198 371 4254 umbratilis
379 4199 494 4254 nutritus.
505 4199 559 4269 Qui
570 4219 628 4255 un·
674 4197 770 4268 betur,
788 4213 813 4254 et
823 4197 948 4254 obnoxius
960 4212 989 4252 nt
1003 4196 1108 4252 femine.
1124 4197 1190 4257 Nun

112 4275 171 4349 bere
180 4277 378 4353 dieiturnspere,
390 4279 549 4354 qnoniamiu
557 4280 627 4353 ieges
677 4279 772 4334 nubere
781 4280 885 4353 propris
895 4279 928 4334 tle
940 4278 1036 4332 femine
1051 4277 1151 4343 dicitnn
