2950 4934
400 486 669 556 EPISTOLA
693 487 776 555 XC.
1089 491 1127 557 31

57 625 214 714 Cuperem
228 624 236 654 ¹
259 615 453 687 Posidonio
467 615 616 709 aliquem
626 617 841 684 vitriarium²
852 618 1053 701 ostendere,
1074 621 1134 712 qui

57 740 169 831 spiritu
188 737 320 805 vitrum
345 736 385 802 in
411 733 550 802 habitus
566 734 735 826 plurimos
756 734 898 818 format,
925 737 986 829 qul
1008 738 1066 805 vix
1080 735 1136 805 di-

60 853 170 946 ligenti
184 877 292 921 manu
307 851 574 944 effingerentur.
596 853 677 920 Haeo
691 853 829 920 inventa
843 867 939 935 sunt,
956 869 1134 947 postquam
1160 873 1192 926 32

59 973 238 1064 sapientem
259 971 424 1038 invenire
442 967 712 1038 desivimus-u
725 965 979 1054 Democritus⁸,
1001 971 1133 1064 inquit,

58 1087 220 1154 invenisse
238 1084 370 1154 dicitur
389 1085 578 1168 fornicem,
607 1101 645 1152 ut
669 1083 821 1179 lapidum
841 1102 1026 1156 curvatura
1045 1109 1136 1180 pau-

59 1204 144 1272 latim
163 1204 413 1273 inclinatorum
425 1203 546 1294 ¹medio
569 1226 649 1271 saxo
670 1203 882 1296 alligaretur.
898 1229 915 1268 r
929 1207 1064 1272 -Hoc
1080 1204 1136 1272 di-

59 1345 127 1390 cam
146 1323 271 1391 falsum
297 1343 385 1390 esse.
412 1323 558 1389 Necesse
583 1335 634 1388 est
659 1321 772 1404 enim,
801 1337 881 1390 ante
903 1323 1136 1390 Democritum

59 1454 91 1505 et
100 1455 225 1531 pontes
237 1455 273 1506 et
286 1433 403 1532 portas
416 1437 538 1521 fuisse,
554 1461 698 1530 quarum
712 1438 785 1506 fere
795 1460 924 1506 summa
939 1453 1136 1506 curvantur.

59 1553 189 1626 Excidit
211 1581 320 1652 porro
341 1548 483 1638 vobis‘‚
511 1554 666 1624 eumdem
688 1558 922 1625 Democritum
943 1558 1134 1643 invenisse,
1165 1563 1196 1617 3³
1233 1630 1239 1645 Ι

60 1673 344 1764 quemadmodum
359 1673 447 1742 ebur
461 1664 690 1755 molliretur⁵,
709 1673 993 1766 quemadmodum
1014 1671 1137 1740 decoc-

63 1779 130 1854 tus‘
146 1787 303 1856 calculus
315 1787 353 1855 in
367 1783 582 1880 smaragdum
596 1800 866 1869 converteretur,
884 1811 953 1879 qua
965 1784 1139 1879 hodieque

61 1921 198 1988 eoctnra
224 1906 358 1974 inventi
381 1902 513 1998 lapides
532 1906 568 1972 in
592 1905 659 1973 hoc
683 1904 803 1973 utiles⁷
829 1905 1038 1974 colorantur.
1071 1907 1139 1973 Ista

62 2020 195 2112 sapiens
211 2018 296 2086 licet
311 2019 503 2105 invenerit,
525 2041 615 2101 non,
637 2038 705 2110 que
722 2021 859 2113 sapiens
875 2031 967 2105 erat,
984 2019 1136 2087 invenit:

97 2252 117 2282 ι.
132 2229 290 2299 Capenos..
304 2229 496 2302 fingerentur.
513 2229 576 2282 Haec
626 2245 675 2300 que
693 2203 781 2302 signis.
799 2229 838 2282 Cf.
854 2229 997 2284 Schneider
1005 2230 1039 2282 ad
1051 2229 1140 2303 Eelog.

64 2311 218 2372 formatura,
239 2327 297 2378 qua
315 2307 444 2380 hodieque
459 2307 576 2373 obtinet,
625 2308 699 2381 phys.
710 2330 735 2382 p.
751 2309 790 2361 15.
801 2308 893 2362 Ruth.

64 2407 128 2440 aava
141 2389 191 2439 iste
203 2399 318 2460 tempore
330 2386 406 2439 luisse
420 2385 526 2440 viderur.
539 2386 578 2439 cf.
658 2386 1140 2440 5.Decoems...cotomnrur.1>eou0re

64 2467 266 2520 Mismllamas
278 2465 384 2520 Warlrs
393 2464 579 2535 oJMiddlelan
626 2467 706 2520 vitreo
717 2466 869 2539 intelligam,
879 2487 930 2536 qno
941 2487 1064 2538 gemmas,
1074 2485 1143 2520 mar·

65 2545 121 2596 Vol.
134 2545 174 2597 lv
186 2565 211 2617 p.
225 2544 272 2610 43,
284 2543 329 2614 qui
343 2557 401 2595 ante
415 2544 533 2597 Wessel.
546 2544 579 2596 ad
628 2546 703 2598 rhina
715 2567 734 2598 s.
747 2546 879 2598 murrham
895 2558 942 2598 etc.
959 2545 1051 2598 imilari
1068 2545 1142 2597 sole-

66 2620 249 2688 Diod.3,1ss,
269 2621 391 2683 Gesneri,
409 2621 576 2694 llambergeri
626 2619 689 2677 hant
704 2637 816 2688 veteres,
835 2621 903 2676 calce
920 2622 1044 2676 metallica
1058 2622 1141 2675 vitreo

67 2713 89 2752 et
98 2700 236 2754 Michaelis
251 2700 438 2770 disquisitiones
449 2719 523 2773 super
533 2701 579 2752 vi·
627 2700 775 2774 eryslallino
788 2701 922 2773 purissimo
940 2702 992 2773 jam
1006 2701 1142 2771 liquefacto

66 2789 120 2844 tro,
142 2776 282 2851 diligenter
300 2779 355 2831 hare
373 2792 502 2830 exsecutus
523 2791 576 2842 est,
628 2782 721 2835 addita.
730 2781 775 2833 Sic
784 2782 936 2836 colorantur.
947 2781 1004 2834 Hoc
1014 2781 1142 2852 hodieque

66 2869 90 2908 et
100 2855 170 2909 hune
181 2856 268 2908 laeum
280 2855 395 2910 advertit.
408 2855 497 2909 nuel.
627 2857 665 2911 lit.
676 2861 718 2912 Jo.
731 2857 881 2911 Beolmsnn
892 2872 977 2912 tamen
990 2859 1018 2911 in
1027 2857 1143 2928 Beyrra-

98 2957 121 2987 2.
142 2937 322 2998 Virriarr'am,
348 2955 401 2987 non
420 2936 579 2998 vitrarium,
625 2958 677 3008 gen
688 2959 738 2989 zur
752 2936 844 2990 Gesch.
857 2939 904 2989 der
913 2937 972 3008 ΕΓ]
985 2938 1005 2989 l.
1016 2959 1040 3008 p.
1052 2936 1101 3004 376
1111 2938 1142 2990 de

69 3015 157 3068 dedere
169 3015 230 3067 lihri
241 3013 330 3066 nostri.
341 3012 421 3067 Sahw.
629 3015 831 3080 caementarium,
839 3035 888 3085 qua
896 3014 1143 3087 crystallomontano

97 3089 581 3146 astruamus.DeDemocritounus
629 3092 700 3146 color
718 3093 808 3145 viridis
824 3092 924 3146 additus
938 3095 985 3158 sit,
1000 3093 1142 3168 intelligere

68 3170 224 3224 Posidonius
235 3169 289 3224 haec
297 3167 407 3242 exposuit
418 3185 425 3220 ι
436 3187 491 3238 quae
502 3187 581 3239 quum
630 3171 735 3224 mavult.
743 3169 1065 3241 Ruth-sichagmnge
1074 3172 1144 3225 hunc

69 3247 164 3300 Seneca
182 3245 298 3311 refellat,
319 3265 373 3298 non
394 3243 535 3317 wgllavll,
549 3255 583 3296 *⁸2
629 3251 715 3304 locum
732 3251 838 3321 explicat
855 3251 884 3303 in
900 3251 968 3303 notis
988 3269 995 3305 ε
1014 3250 1056 3303 On
1075 3255 1142 3315 suit,

69 3337 156 3398 pontes
168 3335 305 3399 portasque
318 3323 393 3376 luisse
405 3323 504 3396 ligneos
517 3322 582 3374 nul·
631 3333 699 3383 dam
717 3333 746 3382 10
763 3331 934 3398 preparation
955 3331 1002 3382 des
1020 3329 1141 3391 imm,

70 3405 116 3457 lam
131 3417 294 3458 turvatttram
308 3413 447 3477 poscenlss·
460 3399 495 3452 R·
630 3429 666 3462 arr
678 3409 791 3480 proce'de'
800 3411 846 3478 qui
859 3429 924 3461 noas
939 3410 1023 3460 donne
1034 3410 1144 3475 l’explr'·

101 3485 124 3548 ⁴.
136 3485 168 3535 V
164 3485 231 3536 obis·
239 3481 289 3536 Sic·
298 3501 344 3534 ms·
353 3502 379 3534 a.
389 3499 446 3534 cum
455 3479 512 3532 edd·
522 3479 583 3532 Νο·
630 3487 716 3538 corion
725 3488 791 3538 dece
796 3504 913 3555 passage
923 3487 954 3536 de
963 3485 1088 3553 Se'aeque.
1101 3483 1144 3537 On

71 3562 109 3615 bis
120 3562 182 3614 dant
193 3563 231 3614 A.
239 3581 260 3614 c.
273 3559 355 3614 Sele.
628 3567 772 3633 parvienth
780 3567 999 3634 commaniquerd
1006 3567 1144 3617 anemlme

102 3643 126 3693 5.
150 3641 310 3693 Mollt'relur·
329 3637 372 3690 Slc
391 3636 486 3710 optime
508 3635 581 3688 wtld·
629 3644 798 3708 composition
808 3644 1093 3696 d'e'mailanecertaine
1101 3642 1145 3693 δι’·

73 3733 95 3770 et
111 3731 172 3771 vett
191 3717 250 3771 edd.
262 3717 400 3770 Poliretar
410 3727 446 3766 est
465 3712 582 3766 Pinciani
627 3723 771 3789 gradatian
787 3722 820 3772 de
835 3740 957 3783 assantes,
970 3740 1001 3773 eu
1013 3730 1146 3790 reposans

73 3799 214 3872 conjectura
228 3807 282 3850 non
299 3791 585 3848 admittenda—Ebur
631 3804 697 3850 hun
709 3799 857 3865 recaitplas
875 3819 909 3850 ors
924 3801 1009 3850 moins
1028 3800 1091 3863 long
1108 3799 1146 3850 les

74 3877 139 3930 enim
159 3877 330 3929 maillehalur
348 3872 434 3937 ζύθει,
457 3871 583 3923 cerevisiae
631 3877 1150 3945 plaquesdesimaux,C'estleproce'de'

75 3975 177 4030 genere,
199 3955 221 4008 si
239 3953 305 4007 fides
326 3949 445 4004 habenda
463 3962 500 4001 est
517 3949 584 4001 Plus.
634 3957 714 4023 qu'an
726 3956 781 4006 suit
792 3958 861 4007 dans
876 3958 1031 4008 l'atelierois
1043 3976 1070 4008 se
1078 3964 1145 4024 μνέ-

75 4037 266 4112 v01.x.,.89,
279 4053 358 4108 quem
371 4031 505 4084 Gronovic
517 4032 549 4083 ad
559 4029 585 4082 h.
631 4044 728 4100 parent
742 4036 781 4086 les
799 4034 910 4097 e'maax,
926 4052 996 4102 pour
1012 4038 1094 4086 servir
1109 4055 1146 4086 aa

76 4115 91 4166 l.
103 4115 186 4168 debeo.
198 4117 278 4171 Plura
292 4113 368 4167 dedit
378 4110 471 4183 Heyne
480 4110 507 4162 in
518 4113 585 4163 Nor.
634 4114 736 4164 travail
746 4113 778 4164 de
788 4113 817 4163 la
827 4117 963 4180 masai'qae
973 4113 1005 4164 de
1015 4113 1108 4165 Rome.

76 4195 242 4248 commentar.
258 4193 320 4248 Soc.
340 4191 405 4262 lieg.
423 4187 548 4240 Gott.'l'o.
565 4189 584 4239 l.
669 4189 741 4257 7.1n
757 4191 803 4243 hoc
819 4193 904 4243 utiles.
921 4189 988 4242 Mire
1003 4190 1147 4259 dicatique

76 4293 110 4325 nr.
120 4275 165 4342 vl,
177 4275 207 4327 de
218 4285 340 4326 veterum
358 4267 434 4321 shore
452 4267 585 4320 eburneis-
637 4267 676 4319 ed.
689 4267 726 4319 R.
746 4269 855 4322 Coctiles
872 4267 964 4339 vulgo,
982 4290 1012 4321 ex
1028 4270 1066 4321 ed.
1078 4270 1144 4320 Ven.
