2950 4934
431 447 704 517 srtsrons
728 445 879 516 extu.
1123 453 1188 544 257

119 576 274 647 animalia
286 590 387 662 suut,
400 593 494 645 certe
507 577 680 646 terrestria
692 589 783 644 sunt.
798 576 909 646 Omne
928 576 1052 644 animal
1066 591 1190 644 terres·

120 709 172 760 tre
183 691 294 784 alget,
311 692 439 777 esurit,
456 693 548 777 sitit;
563 714 647 785 ergo
659 691 792 784 justitia
807 689 918 786 alget,
935 688 1097 760 fortitudo
1111 713 1189 760 esu⁴

122 807 184 889 rit,
205 806 277 873 sitit
294 805 486 874 clementia.
507 804 605 899 Quid
621 807 749 898 porro?
771 823 842 874 non
860 805 1077 899 interrogabo
1093 804 1186 888 illos,

123 945 221 1014 quam
236 922 381 1015 figuram
400 921 548 990 habeant
563 923 627 991 ista
644 909 826 991 animalia?
844 922 990 991 bominis
999 972 1010 1006 ,
1026 946 1071 990 an
1089 925 1187 1014 equi,

121 1063 165 1106 an
182 1038 289 1106 ferae?
303 1039 340 1107 si
354 1037 533 1106 rotundam
548 1037 616 1105 illis
628 1043 653 1120 ¹,
670 1039 805 1131 qualem
823 1039 915 1121 Deo,
941 1037 1099 1106 dederint
1117 1038 1192 1107 fot-

122 1178 227 1237 mam,
249 1178 421 1246 quaeram‚
437 1178 481 1222 sn
497 1170 532 1223 et
550 1155 712 1234 avaritia,
736 1170 772 1222 et
791 1154 946 1237 luxuria,
969 1171 1003 1222 et
1023 1153 1193 1224 dementia
1222 1235 1230 1266 Ι

120 1295 215 1364 mque
235 1267 390 1339 rotunde
409 1272 501 1340 sint?
519 1287 598 1339 sunt
623 1274 766 1367 enimet
786 1272 867 1364 ipsae
886 1271 1056 1340 animalia.
1078 1273 1115 1340 si
1130 1273 1193 1346 has

121 1410 258 1480 qnoque
283 1382 633 1470 corrotundaveriut,
661 1388 855 1454 etiamnunc
874 1385 1114 1478 interrogabo,
1146 1410 1190 1455 an

120 1498 272 1594 prudeus
289 1496 472 1565 ambulatio
490 1499 614 1566 animal
630 1501 686 1569 sit.
707 1502 854 1568 Necesse
869 1514 920 1566 est
938 1499 1164 1568 confiteantur
1179 1525 1189 1590 3

120 1612 247 1682 deinde
263 1615 395 1696 dieunt,
415 1613 675 1682 ambulationem
694 1614 818 1682 animal
832 1637 922 1698 esse,
940 1630 973 1683 et
986 1615 1123 1706 quidem
1140 1639 1194 1684 ro-

120 1729 278 1798 tundum.
293 1733 344 1797 Ne
362 1746 460 1823 putes
474 1745 607 1812 autem,
624 1754 678 1797 me
694 1732 840 1824 primum
856 1754 897 1797 ex
911 1733 1052 1814 nostris,
1069 1755 1138 1798 non
1154 1753 1193 1798 ex
1286 1779 1289 1786 1

119 1845 317 1936 praescripto
332 1843 461 1936 loqui²,
478 1841 539 1911 sed
552 1867 636 1911 meae
650 1845 826 1912 sententiae
841 1867 913 1910 esse
934 1870 941 1910 :
961 1839 1051 1910 inter
1066 1842 1195 1912 Clean·-

120 1960 215 2028 them
227 1973 263 2026 et
272 1959 476 2051 discipulum
489 1958 563 2050 ejus
573 1960 823 2052 Chrysippum,
836 1983 906 2027 non
917 1959 1093 2040 convenit,
1109 1955 1195 2048 quid

120 2076 163 2142 sit
181 2075 380 2142 ambulatio.
404 2067 609 2142 Cleanthes³
632 2076 697 2172 sit,
717 2077 872 2166 spiritum
888 2097 961 2142 esse
977 2099 998 2142 a
1014 2074 1195 2167 principali

121 2215 234 2284 usque
251 2192 289 2258 in
305 2188 410 2284 pedes
427 2190 650 2282 permissum3
670 2190 909 2284 Chrysippus,
933 2193 1041 2283 ipsum
1065 2193 1195 2283 princi·
1225 2163 1233 2194 ¹

119 2305 211 2399 pale.
231 2303 330 2397 Quid
346 2318 398 2372 est
421 2328 504 2397 ergo
515 2355 526 2388 ,
546 2328 608 2371 eur
627 2327 696 2370 non
712 2305 821 2396 ipsius
839 2302 1023 2396 Chrysippi
1046 2304 1196 2396 exemplo

119 2420 183 2488 sibi
199 2421 347 2513 quisque
365 2444 401 2488 se
418 2420 588 2503 vindicet,
611 2435 646 2486 et
659 2421 723 2487 ista
739 2435 790 2487 tot
803 2419 981 2500 animalia,
998 2434 1082 2509 quot
1096 2444 1196 2486 mun-

122 2536 184 2605 dus
199 2538 274 2629 ipse
289 2560 360 2603 non
376 2552 486 2629 potest
503 2559 645 2629 capere,
666 2535 849 2632 derideat?

167 2658 245 2722 Non
268 2670 367 2734 sunt,
394 2654 524 2744 inquit,
546 2655 688 2755 virtutes
712 2653 817 2720 multa
836 2651 1011 2736 animalia,
1033 2668 1197 2734 ettamen

121 2770 282 2838 animalia
294 2786 386 2836 sunt.
401 2773 503 2856 Nam,
525 2767 807 2860 quemadmodum
825 2768 948 2860 aliquis
966 2784 1000 2836 et
1013 2787 1111 2862 poeta
1126 2787 1194 2852 est,
1286 2795 1288 2801 ’

121 2901 157 2951 et
170 2901 305 2968 orator,
325 2900 360 2951 et
373 2901 484 2951 tamen
496 2909 604 2969 uuus3
621 2886 670 2952 sic
686 2885 828 2951 virtutes
842 2884 912 2950 istae
925 2881 1084 2950 animalia
1098 2899 1193 2964 sunt,

124 2998 186 3066 sed
198 2999 304 3068 multa
319 3023 388 3068 non
402 3015 492 3066 sunt.
510 2996 603 3066 Idem
616 3017 666 3068 est
677 3001 829 3082 animus,
848 3015 882 3066 et
897 3002 1030 3066 animus
1043 2994 1056 3042 ⁴
1064 3002 1194 3092 justus,
1286 3002 1292 3012 “

120 3130 160 3181 et
176 3115 349 3208 prudeus,
369 3131 402 3182 et
418 3115 535 3200 lortis3
557 3114 602 3182 ad
625 3116 776 3210 singulas
789 3117 932 3183 virtutes
951 3115 1197 3207 quodammodo

119 3254 163 3298 se
177 3229 320 3300 habens.
331 3231 531 3300 —Sublata
545 3247 597 3299 est
610 3234 750 3323 quaestio
762 3226 773 3268 ⁵
786 3260 795 3317 3
816 3233 975 3300 convenit
987 3232 1099 3301 nobis.
1114 3237 1197 3302 Nam
1225 3211 1248 3290 ²·

119 3364 163 3416 et
180 3372 240 3442 ego
257 3350 396 3415 interim
409 3348 534 3430 fateor,
556 3349 705 3416 animum
720 3347 845 3416 animal
863 3371 957 3435 esse3
974 3365 1091 3441 postea
1107 3352 1200 3417 visu-

118 3490 204 3546 rus,
228 3490 330 3557 quam
355 3462 400 3532 de
420 3467 485 3532 ista
507 3489 546 3532 re
565 3466 765 3533 sententiam
786 3466 889 3532 feram
916 3493 923 3531 :
952 3468 1103 3535 actiones
1126 3469 1200 3560 ejus

114 3582 281 3650 animalia
302 3606 376 3650 esse
392 3606 492 3675 nego.
519 3581 680 3673 Alioquin
700 3597 734 3649 et
750 3583 863 3649 omnia
879 3582 983 3650 verba
1007 3600 1108 3652 eruut
1124 3586 1200 3651 ani-

168 3795 368 3851 ssimundam
377 3801 445 3863 iltis,
455 3801 561 3869 qualem
573 3795 639 3850 Deo.
687 3797 785 3868 Lipsius
795 3798 883 3850 Senes.
892 3799 940 3868 Ep.
950 3812 1007 3850 xctt
1016 3811 1042 3852 el
1051 3819 1123 3852 suam
1133 3799 1199 3872 Phy-

113 3877 226 3946 Nempe
242 3877 359 3940 blundo,
375 3877 420 3946 qui
437 3875 581 3928 Stoicorum
594 3894 638 3927 te·
686 3874 777 3946 siolog.
790 3875 860 3927 stoic.
874 3875 924 3939 lll,
940 3895 967 3943 ¹7
982 3887 1006 3928 st
1020 3877 1056 3928 18.
1068 3877 1158 3928 Ruit.

111 3953 262 4008 modarius
272 3955 341 4006 deus.
353 3951 428 4022 lips.
717 3952 742 4015 4.
750 3953 789 4004 Et
797 3957 905 4006 animus
913 3959 1007 4016 iustus.
1018 3955 1162 4024 llopetitum
1172 3954 1198 4005 b.

161 4049 193 4080 2.
203 4030 258 4082 Nos
272 4051 309 4083 ex
321 4031 473 4101 proescdplo
488 4034 569 4100 loqui.
589 4032 637 4082 lut.
686 4032 703 4084 Ι.
714 4030 804 4082 vocab.
817 4034 924 4082 animus
939 4050 991 4082 uon
1004 4033 1090 4086 aderat
1104 4033 1199 4101 vulgo.

111 4104 227 4160 nullius
237 4109 304 4178 sequi
315 4108 428 4181 magistri
440 4123 571 4181 precept·-
687 4109 731 4163 ssd
743 4108 868 4160 dederunt
881 4120 977 4164 veteres
989 4108 1054 4161 libri.
1067 4109 1147 4165 Salso.

158 4183 193 4234 3.
210 4186 362 4239 cleanthes„
373 4188 526 4256 principale.
543 4187 639 4239 Laudat
721 4185 866 4240 §.Sublata
876 4187 1200 4255 eumalio-Duorum,

251 4284 307 4351 lV.
398 4298 403 4305 “
1013 4311 1051 4376 ¹7

1240 3207 1256 3242 (l
