2950 4934
249 503 491 576 rursmu.
516 501 770 575 snoteoa.
797 505 894 574 utu.
920 506 974 576 11.
1087 511 1155 604 ⁵77

94 647 151 707 sitio
162 647 215 707 bno
228 669 343 732 quoque
355 647 423 720 ivit,
446 659 476 707 et
489 645 567 706 Vere
591 658 690 706 natum
717 667 780 707 esse
803 648 918 722 volunt,
936 647 1002 709 Sole
1016 651 1046 710 in
1060 652 1157 712 Ariete

94 754 230 814 existente.
248 752 446 837 Panegyristes
461 751 499 812 od
508 749 718 813 Maximianum
734 778 743 812 ε
761 780 775 809 «
787 751 910 840 Divinus
919 754 968 816 ille
980 763 1081 817 'vestre
1091 781 1158 819 mn-

92 861 190 938 jestatis
204 872 282 921 ortus
298 862 375 941 ipso,
392 881 450 942 quo
464 859 576 934 illuxit,
592 861 721 942 auspicio
731 859 818 920 Veris
833 861 980 937 illustrior,
996 865 1159 946 augustiore

94 964 194 1048 fulgens
203 966 320 1026 luminis
331 966 475 1040 elaritate,
486 987 573 1047 quam
584 989 673 1048 quum
682 968 823 1050 originem
833 967 933 1038 rutundi
944 972 1085 1032 nascentis
1095 973 1161 1032 nni-

93 1075 181 1132 marit.
195 1099 210 1127 ι»
226 1071 265 1132 Et
284 1072 402 1134 stutiute
421 1071 472 1132 «0
487 1072 556 1134 felix
572 1073 746 1157 beatumque
757 1073 819 1134 Ver
836 1097 911 1134 novo
928 1075 1029 1157 partu!
1047 1100 1065 1137 o
1081 1091 1161 1138 tem-

92 1199 156 1259 pus,
172 1202 227 1262 qno
240 1181 343 1242 merito
358 1181 455 1240 omnia
478 1192 545 1239 neta
565 1201 628 1240 esse
650 1177 822 1242 erednnun!
837 1203 855 1240 o
870 1179 1010 1242 Kalendae
1024 1181 1159 1260 Martie,

92 1285 167 1346 sicuti
181 1288 248 1348 olim
262 1309 403 1348 annorum
413 1287 605 1362 volventium,
621 1288 661 1347 ita
677 1309 755 1348 ntme
767 1299 938 1348 eternorum
953 1285 1083 1372 auspices
1097 1291 1162 1352 lm-

92 1407 255 1472 peretorum.
271 1421 286 1448 a
304 1393 465 1478 Virgilius:

246 1534 302 1582 Nou
310 1531 371 1582 ulios
380 1531 461 1600 prima
473 1530 602 1580 metuentis
613 1531 707 1597 origine
719 1530 806 1580 mnndi

244 1623 353 1672 llluxisse
365 1620 435 1683 dies,
448 1621 555 1670 aliumve
567 1620 678 1670 habuisse
690 1628 800 1672 tenorem

244 1712 405 1765 Crediderim.
419 1711 468 1762 Ver
477 1711 540 1762 illud
552 1718 603 1762 erat
613 1748 621 1772 ,
634 1713 683 1762 Ver
693 1729 796 1778 magnus
807 1712 893 1778 agebat

244 1804 324 1855 orbi..
898 1803 901 1810 .

92 1921 123 1982 Iu
138 1923 269 1986 Carmine
287 1925 400 1986 veteri:
419 1920 523 1987 «Vere
543 1935 627 1983 natus
647 1902 725 1983 orbis
745 1933 797 1982 est.
814 1949 827 1975 o
845 1917 936 1983 Divus
952 1923 1118 1982 Ambrosius
1133 1923 1162 1982 et

90 2048 197 2092 musam
216 2030 330 2092 addidit
351 2015 387 2111 (l
406 2027 548 2092 Hexaem.
572 2049 637 2111 etp.
661 2026 702 2110 5)
717 2050 725 2085 ι
740 2045 768 2082 ἀ
790 2022 864 2088 Inde
887 2029 1038 2111 oportebat
1059 2027 1161 2090 mundi

91 2135 233 2198 exordium
248 2138 329 2220 copi,
345 2137 396 2196 ub'i
410 2114 472 2196 erat
485 2146 646 2217 opportune
659 2127 794 2194 omuibus
807 2139 895 2194 veina
904 2136 1069 2217 temperies,
1082 2128 1162 2195 unde

90 2254 116 2301 et
129 2241 270 2304 nascentis
296 2241 400 2302 mundi
421 2240 577 2324 imaginem
598 2243 692 2301 nunus
714 2241 871 2321 expressit,
891 2251 925 2302 ut
947 2234 1015 2323 posi
1027 2231 1161 2302 hibernas
1284 2237 1289 2244 ’

88 2347 203 2428 glacies,
220 2362 307 2431 angue
328 2347 465 2408 hiemales
486 2347 640 2430 etligines,
663 2347 793 2408 serenior
813 2347 897 2408 solito
913 2347 1005 2409 Verni
1023 2351 1160 2432 temporis

88 2455 214 2534 splendor
228 2456 350 2518 eluceat.
364 2481 379 2507 a
390 2455 587 2515 Damascenus
599 2454 670 2514 item
680 2454 711 2512 in
720 2452 776 2512 hnc
787 2465 870 2535 parte
880 2451 950 2534 (lib.
965 2452 1013 2528 ΙΙ,
1028 2477 1091 2536 cop.
1109 2453 1140 2537 7)
1151 2479 1164 2514 r.

91 2559 236 2635 «Quatuor
247 2573 315 2623 sunt
323 2583 341 2620 a
350 2559 415 2621 Sole
425 2547 630 2640 annite'mpora
640 2559 701 2618 sive
713 2559 924 2619 conversiones.
937 2559 1032 2619 Prima
1042 2560 1158 2636 Vento,

88 2667 181 2750 inqua
194 2669 275 2730 Deus
288 2667 357 2729 feeit
368 2669 516 2742 universe,
529 2665 610 2749 quod
621 2665 703 2728 docet
716 2666 880 2726 etiamnunc
892 2664 994 2726 llornm
1004 2669 1035 2726 in
1046 2691 1080 2728 ea
1093 2687 1161 2750 ger-

88 2773 232 2835 minatio.»
245 2774 344 2835 Verba
356 2772 509 2855 Scriptura
522 2771 643 2851 adjicite
661 2769 830 2832 «Germinet
842 2783 917 2830 terra
927 2768 1046 2832 herbam
1060 2775 1160 2834 viren-

88 2888 161 2954 tem,
185 2892 215 2940 et
236 2879 389 2940 facientem
413 2900 532 2953 semen,
559 2890 588 2938 et
613 2877 724 2959 lignum
751 2877 969 2958 pomiferum.»
997 2877 1037 2938 Et
1062 2901 1160 2941 nonne

86 2986 229 3064 probabile
244 2999 289 3048 eet
305 2986 514 3060 amoenissimo,
537 2996 567 3043 et
583 2984 710 3044 maxime
727 2983 880 3068 vegetabili
895 2997 1040 3066 tempore,
1057 2999 1160 3048 cuncte

87 3094 222 3174 cupisse?
239 3113 329 3176 quum
346 3104 375 3153 et
389 3094 548 3152 animantes
564 3092 708 3172 pleneque
723 3090 890 3165 foetilieant,
916 3101 944 3150 et
968 3091 1029 3150 ulie
1051 3104 1158 3153 nuturae

85 3211 176 3277 partes
194 3199 365 3281 eoneipiuut
385 3210 435 3258 eut
451 3197 633 3280 parturiunt,
652 3201 761 3278 ellipse
776 3195 904 3256 dieamus
922 3209 951 3257 et
966 3199 1058 3280 ipsum
1070 3203 1159 3260 lotam

85 3305 239 3386 peperisse.
251 3307 289 3364 tt
304 3317 372 3364 sunt
386 3316 482 3364 tamen
499 3304 550 3384 qni
567 3301 678 3362 sortiter
693 3302 820 3364 abnuant
828 3347 837 3378 ,
852 3301 1041 3365 Hebraeorum
1056 3317 1159 3366 aueto-

84 3411 164 3473 ritate
186 3412 307 3486 ooniisi,
331 3410 435 3493 quibus
457 3410 630 3492 principium
644 3410 712 3469 unni
730 3411 761 3469 iu
778 3409 923 3470 Autumno
943 3409 998 3471 snit
1014 3431 1022 3470 t
1040 3435 1107 3496 ergo
1129 3425 1158 3473 et

83 3514 195 3578 Mundi.
213 3519 279 3579 Non
291 3517 366 3577 ultra
381 3517 496 3598 inquiro
513 3537 628 3606 equum
645 3515 683 3577 ad
694 3515 846 3576 Sacrorum
867 3517 1065 3578 auctoritatem
1080 3519 1154 3592 itur,

85 3621 270 3708 Philosophia
284 3625 356 3683 lines
371 3624 429 3703 jam
445 3643 492 3682 res
511 3621 671 3703 egreditur,
696 3631 725 3680 et
746 3620 783 3680 ad
800 3620 961 3704 'l'lteologiae
981 3621 1040 3682 ubit
1061 3647 1069 3681 r
1092 3621 1156 3684 lloe

83 3731 197 3792 tertium
215 3731 329 3814 potius,
344 3722 592 3812 Qualisconditm,
613 3739 642 3787 et
653 3748 710 3808 qun
727 3725 838 3788 formu?
854 3728 996 3788 Rotunda.
1016 3728 1060 3789 ltu
1071 3729 1156 3790 Stoici

83 3835 157 3918 apud
170 3835 317 3899 Laertium
329 3859 338 3896 t
351 3844 380 3896 et
389 3855 474 3896 eausa
486 3856 495 3894 ε
509 3860 524 3887 e
536 3833 610 3895 Nam
634 3825 672 3893 od
693 3845 803 3894 motum
824 3831 911 3894 telem
931 3835 1050 3918 ligurum
1063 3837 1156 3920 aptis·

82 3943 192 4004 simam.
204 3969 220 3998 o
233 3937 334 4003 Plures
349 3960 440 4001 eume
455 3941 486 4000 iu
499 3939 620 4000 Manilio
633 3937 705 4022 (lib.
723 3937 782 4022 l)=

246 4089 877 4160 necatummaneudtvisqmimitltmatoma,

246 4171 971 4256 Guinequeprineipiumestnequutd,necfiuio,inipso

248 4277 396 4330 Sedtimrlie
406 4284 461 4335 toto
471 4271 902 4344 remsnet,perqueomuiaparest.

231 4376 292 4442 IV.
957 4366 1000 4458 37
