2950 4934
274 428 519 499 PHYSIOL.
545 429 798 499 STOICOR.
825 430 923 498 LIB.
950 430 1003 498 11.
1112 433 1181 503 62⁵

93 573 194 633 omnis
206 570 336 633 Mundus
350 572 519 654 ignosceret.
533 596 549 627 s
566 571 696 653 Itemque
711 571 843 633 Stobuoa
862 596 877 627 s
892 571 1033 635 Panaetius
1048 574 1187 655 probabi·

90 677 201 738 liorem
210 690 324 752 censo,
336 691 415 738 certe
424 678 480 737 sibi
490 677 582 759 magis
591 678 758 759 probatam,
771 676 970 739 AEtcrnitatem
983 680 1084 741 mimdi
1095 702 1183 761 quam

93 784 164 862 ejus
174 785 205 844 in
216 784 313 866 iguem
325 785 587 844 commutationem.
600 809 615 837 s
632 783 715 844 Iden
725 785 756 843 in
769 782 882 845 Laertio
896 783 1012 860 Graeco,
1029 788 1082 847 etsi
1096 788 1180 859 aliter

93 904 127 950 et
149 892 292 951 contrario
308 891 345 950 ab
365 891 523 973 interprete
538 911 663 965 versum.
685 888 757 951 Erat
776 903 872 951 autem
887 892 918 951 in
933 891 1058 953 Minucio
1074 914 1182 975 supra,

93 999 188 1057 etiam
203 996 354 1078 Epicureis
373 997 452 1057 hunc
472 1018 588 1057 sensum
608 1016 690 1067 esse3
713 996 793 1077 quod
813 1018 913 1057 verum
940 1010 1011 1057 ests
1036 1012 1065 1059 et
1078 1013 1184 1081 putant

90 1103 226 1165 Mundus
241 1104 367 1187 singulos
382 1101 507 1186 (infiniti
521 1103 556 1162 iis
570 1099 655 1183 sunt)
664 1114 697 1161 ut
708 1103 814 1163 animal
828 1102 973 1183 quoddam
990 1126 1069 1181 esse,
1086 1119 1115 1166 et
1129 1130 1183 1169 va-

90 1213 150 1271 riis
164 1212 323 1271 rationibus
339 1212 467 1270 interire.
485 1210 544 1271 Sed
557 1207 711 1269 discrimen
729 1210 815 1269 οιίοιιι
829 1210 991 1291 ponebant,
1010 1212 1096 1292 plane
1114 1236 1182 1275 cum

92 1317 221 1389 Stoicis,
236 1317 290 1377 etsi
304 1317 368 1375 aliis
380 1316 476 1377 verbis
489 1316 638 1377 &mmm
658 1316 791 1389 interire,
814 1316 960 1377 Summam
981 1334 1181 1395 summanum

92 1444 219 1483 manne
231 1435 375 1483 numm.
393 1422 429 1482 Id
442 1434 502 1495 est,
526 1426 711 1504 teanum,
729 1424 790 1481 sive
806 1422 950 1482 Mundum
965 1422 1042 1483 huuc
1056 1424 1133 1500 labi,
1152 1440 1183 1489 nt

93 1554 160 1590 uon
173 1535 285 1613 mpla,
300 1533 360 1590 sive
373 1532 515 1612 principia
529 1550 626 1591 renim
636 1574 644 1603 ,
654 1528 775 1591 Alamos
789 1543 818 1589 et
829 1528 932 1591 laone.
947 1531 1012 1591 Hoc
1027 1532 1184 1595 discrimen

93 1638 241 1697 sermonis
252 1638 282 1697 iu
295 1634 429 1697 Lucretio
442 1636 591 1716 aliquoties
605 1638 745 1709 oemunt,
761 1658 815 1699 nec
827 1638 896 1697 satis
910 1639 1115 1719 interpretibus
1125 1642 1185 1701 ol>-

92 1756 254 1805 servatum.
274 1744 320 1803 Dc
334 1744 451 1803 interitu
464 1754 579 1818 autem,
595 1742 745 1803 Lucretius
759 1742 833 1819 (lib.
850 1743 901 1825 11)
914 1768 922 1805 a

265 1878 306 1928 Sic
318 1879 392 1945 igitur
405 1878 488 1944 magni
499 1894 598 1945 quoque
608 1878 703 1928 circum
710 1878 802 1927 moenia
814 1878 900 1927 Mundi

265 1970 413 2037 Expugnnta
423 1966 517 2017 dabunt
527 1968 609 2018 labem
619 2004 627 2029 ,
640 1974 773 2037 putresque
785 1968 876 2045 ruinae

95 2096 141 2156 Et
158 2118 194 2156 ex
209 2096 338 2179 professo
356 2097 431 2157 libro
452 2097 552 2177 quinto
574 2110 658 2178 poeta
678 2096 710 2155 id
732 2096 844 2179 prohat.
866 2098 943 2158 Ante
963 2112 1058 2159 autem
1081 2120 1182 2162 omncs

93 2205 190 2276 istos,
214 2202 378 2262 Heraclitus
403 2202 434 2262 id
455 2202 576 2263 docuit:
594 2230 607 2256 a
618 2202 717 2262 Unum
737 2224 798 2263 esse
812 2202 978 2279 Mundum,
998 2228 1123 2287 eumque
1144 2228 1181 2267 cx

94 2310 169 2391 igue
192 2306 299 2369 lactum
315 2321 343 2369 et
359 2330 457 2368 mrsus
472 2310 614 2391 inignem
630 2307 800 2369 vertendum
816 2321 882 2390 post
899 2310 1007 2391 aliquot
1022 2311 1159 2391 periodos
1172 2328 1183 2381 ;'

95 2416 190 2495 idque
203 2438 257 2497 per
270 2416 364 2489 vices,
380 2416 411 2474 iu
426 2437 511 2475 omne
524 2437 614 2475 aevum
629 2416 669 2474 ita
683 2414 844 2476 futurum.»
861 2414 875 2498 (
883 2414 976 2476 Laert.
996 2418 1026 2477 in
1044 2415 1182 2500 Hercul.)

95 2521 174 2580 Sunt
187 2524 325 2603 gemuana'
335 2520 446 2592 Stoica,
460 2533 489 2581 et
502 2522 557 2603 ipsi
568 2533 713 2580 auctorem
724 2521 806 2580 illum
818 2520 872 2579 sibi
884 2522 1051 2583 inscribant.
1066 2522 1089 2581 F
1090 2524 1177 2597 inivi,

95 2628 157 2687 nisi
172 2628 265 2709 placet
275 2639 427 2701 annotare,
442 2626 581 2707 quosdam
593 2626 818 2686 Christianorum
833 2628 918 2685 nimis
933 2630 1018 2687 etiam
1033 2628 1080 2689 hic
1092 2628 1181 2691 luisse
1229 2642 1243 2649 '
1289 2676 1291 2681 s

96 2734 211 2795 Stoicos
226 2746 255 2793 et
268 2733 410 2793 assiduam
424 2732 498 2793 hanc
512 2734 691 2793 exustionem
705 2734 978 2814 renovationemque
993 2736 1176 2815 approbasse.

94 2840 239 2923 Origenes
254 2842 409 2915 intereos,
426 2841 495 2920 qui,
510 2853 543 2899 ut
557 2842 596 2899 ait
608 2840 804 2920 Hieronymus
817 2838 923 2921 (Epist.
938 2838 1002 2917 nx),
1024 2866 1037 2893 n
1050 2840 1178 2901 Mundus

96 2968 163 3006 esse
186 2946 408 3006 innumerabiles
431 2946 594 3019 asserebat,
610 2966 669 3004 non
682 2945 765 3022 juxta
786 2942 945 3025 Epicurtun
966 2966 1024 3004 uno
1047 2956 1177 3027 tempore

95 3054 259 3135 pltuimos‚
283 3065 312 3112 et
333 3054 378 3111 sui
394 3052 518 3123 similes;
536 3049 589 3110 sed
604 3061 670 3131 post
686 3050 801 3109 alterius
823 3048 928 3109 Mundi
952 3038 1039 3109 finem
1061 3052 1177 3111 alterius

96 3178 164 3217 esse
174 3152 363 3239 principium.
380 3154 418 3217 Et
431 3169 496 3217 ante
505 3155 583 3215 hunc
594 3168 722 3216 noenum
733 3200 742 3229 ‚
755 3156 843 3215 alium
858 3155 961 3230 luisse,
979 3157 1124 3239 aliumque
1137 3178 1146 3217 ε
1161 3184 1176 3212 o

96 3284 163 3344 qua
179 3263 245 3323 talia
258 3262 380 3323 Basilius
395 3263 481 3322 ctiam
494 3262 562 3322 alibi
576 3263 603 3323 ci
615 3262 740 3341 objectat
754 3259 882 3344 (Homil.
900 3262 943 3323 IV
955 3260 1124 3347 Uerrem).

395 3490 718 3553 DISSERTATIO
740 3488 886 3556 XXIV.

100 3656 782 3742 DeTemporeadlenluuqrudstqnombreoe,
799 3668 851 3718 nul
865 3656 1176 3727 m’lr'l,sit.·tsnendimr

457 3766 571 3835 audiet,
588 3765 818 3826 etnnmridwn.

139 3956 237 4019 Hares
252 3961 405 4042 pleraque,
420 3962 459 4021 mi
470 3960 603 4035 Auditor,
615 3980 677 4041 quae
687 3959 877 4020 communiter
885 3958 922 4019 ad
933 3958 1075 4021 Mundum
1086 3983 1094 4017 ε
1107 3980 1174 4019 nam

95 4065 137 4125 ad
153 4066 264 4127 minora
277 4079 329 4126 aut
342 4068 446 4147 partita
465 4089 524 4125 nou
547 4068 633 4126 imus.
657 4066 726 4125 Tria
743 4078 840 4125 tamen
855 4066 941 4125 edam
955 4066 1130 4157 considerari
1144 4067 1175 4125 in

97 4192 135 4230 eo
149 4171 258 4246 solent,
273 4171 380 4244 Motus,
398 4170 499 4243 Locus,
519 4169 651 4251 Tempus.
670 4170 705 4231 In
719 4170 830 4231 duobus
841 4171 984 4254 prioribus
996 4172 1045 4232 vix
1057 4182 1117 4246 est,
1131 4184 1179 4230 aut

197 4283 258 4350 lv.
611 4378 616 4389 ἱ
976 4280 1025 4365 ilo
