2950 4934
305 483 345 561 18¹
591 493 630 559 L.
656 487 837 557 ANNAEI
860 485 1081 558 SENECAE

297 623 457 717 pentibus
486 621 599 706 vitiis,
628 623 665 688 in
688 618 905 712 tyrannidem
926 624 1036 714 regni
1059 625 1243 690 converm'
1267 641 1378 708 sunt,

296 765 382 834 opus
399 763 472 808 csse
488 739 592 832 coepit
609 737 764 831 legibus,
785 757 871 829 quas
884 753 922 804 et
937 739 1028 830 ipsas
1042 739 1134 807 inte‘r
1146 738 1244 807 initia
1261 737 1381 808 tulere

296 861 485 950 Sapientes.
507 857 634 941 Solon,
653 855 713 947 qui
727 855 880 924 Athenas
894 877 992 945 aequo
1001 855 1081 946 jure
1095 853 1268 938 fundavit,
1282 858 1381 926 inter

296 991 425 1068 septem
448 976 510 1044 aevi
531 974 696 1067 sapientia
715 986 818 1041 notus
830 977 871 1044 ’,ε
889 975 1086 1065 Lycurgum
1104 974 1134 1039 si
1152 970 1270 1041 eadem
1291 991 1380 1044 aetas

296 1095 445 1174 tulisset,
467 1115 563 1160 sacro
581 1090 632 1157 ilii
647 1113 791 1158 numero
804 1091 998 1158 arcessisset
1012 1085 1190 1158 octavum³
1211 1093 1378 1161 :Zaleuci

255 1226 271 1278 6
296 1204 410 1304 leges⁴
434 1206 694 1299 Churondoeque
715 1207 910 1276 laudantur.
933 1208 977 1273 Hi
999 1229 1069 1275 non
1090 1210 1128 1275 in
1148 1207 1241 1289 foro,
1256 1211 1378 1276 necin

296 1327 526 1396 consultorum
547 1326 655 1406 atrio,
679 1323 741 1392 sed
763 1326 800 1392 in
821 1323 1025 1416 Pythagorae
1047 1325 1149 1393 tacito
1164 1323 1224 1392 illo
1238 1336 1379 1392 sancto·

297 1470 364 1537 que
378 1467 512 1513 secessu
531 1441 726 1511 didicerunt
736 1442 840 1534 jura,
859 1465 936 1533 quoe
951 1441 1087 1510 florenti
1101 1457 1183 1510 tunc
1199 1443 1324 1510 Sicilire
1339 1458 1379 1510 et

297 1585 360 1655 per
378 1562 510 1630 Italiam
528 1561 667 1629 Graeciae
682 1575 865 1654 ponerent.

345 1679 516 1744 Hactenus
536 1673 718 1743 Posidonio
739 1660 907 1742 asse'ntio⁵
931 1700 939 1740 ι
956 1688 1046 1741 artes
1065 1673 1203 1764 quidem
1220 1695 1241 1740 s
1263 1673 1382 1765 philo·

296 1791 421 1884 sophia·
433 1793 609 1874 inventas,
637 1789 764 1883 quibus
782 1793 818 1857 in
837 1790 1037 1882 quotidiano
1055 1773 1119 1858 usn
1148 1791 1219 1859 vita
1240 1791 1376 1874 utitur,

296 1929 363 1973 non
395 1906 644 1988 concesserim
678 1927 743 1972 nec
768 1903 819 1972 ilii
849 1903 987 1972 sabrinae
1011 1927 1159 1973 asseram
1185 1895 1373 1998 ‘gloriam

331 2151 493 2210 econverso,
505 2147 614 2201 1t.A.c.
627 2149 710 2202 Verso
719 2151 807 2222 vulgo,
857 2171 882 2224 p.
891 2149 985 2221 ΒΜ.
995 2145 1036 2201 ed.
1046 2148 1215 2223 Lips.seiellit
1223 2188 1230 2214 ‚
1238 2167 1380 2203 errassene

295 2229 326 2281 ab
338 2229 452 2280 Eresmo.
463 2225 544 2280 Sctw.
858 2241 928 2302 putes
942 2228 1114 2282 Posidonium
1129 2227 1306 2298 ieispsssiresss
1318 2228 1379 2280 ho-

329 2326 359 2360 s:
371 2308 466 2358 Notus·
480 2306 564 2358 Tenui
577 2325 636 2358 cum
648 2305 810 2380 Rnhkopfio‚
858 2308 970 2373 minem,
985 2311 1026 2360 cui
1044 2306 1191 2359 Aristoteles
1207 2307 1238 2359 de
1251 2307 1316 2380 Rep·
1330 2308 1376 2370 11,

296 2406 348 2439 non
356 2386 459 2456 quidem
470 2383 559 2450 (utilis
568 2384 680 2453 putabet)
692 2385 809 2439 Pinciani

291 2465 425 2536 'codicibus
441 2461 589 2527 firmatum,
606 2463 650 2516 sed
664 2483 693 2515 es
706 2464 810 2534 conjec-

297 2557 352 2594 tura
365 2542 461 2614 editum
474 2539 506 2593 ab
519 2541 625 2594 Erumo
638 2557 644 2593 :
656 2551 729 2596 notos
741 2563 770 2595 ex
783 2542 810 2594 ii-

297 2620 349 2673 bris
359 2620 410 2672 suis
423 2620 643 2673 commendaverat
654 2621 809 2685 Pincianus,

297 2698 366 2768 qnod
377 2710 526 2770 receperunt
535 2698 677 2770 MunLips.
689 2711 713 2751 et
726 2699 810 2750 Gron.

297 2775 511 2828 consentientibus
524 2776 616 2828 nostris
631 2777 667 2826 A.
682 2797 702 2830 c.
719 2777 774 2828 Pal.
787 2795 810 2827 2.

298 2867 320 2905 et
333 2853 388 2930 Col.
400 2853 452 2906 Alii
464 2864 541 2907 notos
553 2873 611 2907 tum
622 2855 662 2908 ed.
671 2855 707 2908 lt.
717 2854 799 2909 Scito.

332 2930 355 2982 3.
370 2935 530 2985 Accessisse!
546 2943 676 2986 oetaeum.
689 2935 748 2987 Hoc
757 2953 813 2999 ‚ve-

298 3031 354 3062 sum
374 3011 486 3082 judicavi
505 3031 564 3064 eum
578 3011 696 3064 Grutero.
707 3015 811 3065 Accen-

298 3095 393 3144 suisset
399 3102 517 3144 oetaeum
528 3091 567 3144 ed.
578 3091 620 3143 Er.
628 3090 716 3160 Vulgo
728 3111 813 3144 acees-

862 2408 901 2452 ss,
910 2387 943 2440 ob
952 2387 1039 2440 oculos
1047 2387 1123 2438 fuisse
1130 2386 1242 2452 videtur,
1253 2388 1296 2441 scd
1306 2386 1380 2439 hene

859 2463 989 2536 inteiligas
1017 2465 1101 2536 potins
1129 2463 1264 2518 Posidonii
1295 2465 1379 2518 fuisse

859 2543 1011 2594 sententiam
1021 2541 1082 2595 :hos
1095 2542 1275 2615 legumlatores
1284 2580 1292 2605 ,
1300 2561 1379 2596 more

858 2621 969 2673 aiios-nm
980 2621 1190 2692 iegnmiatornm,
1203 2639 1225 2672 e.
1237 2640 1258 2673 c.
1267 2619 1383 2682 Minois.

860 2700 954 2753 Numae
964 2698 992 2750 in
997 2699 1136 2752 solitudine
1144 2737 1151 2764 ,
1159 2699 1230 2770 quali
1238 2697 1381 2767 Pythago—

860 2795 906 2830 ms
919 2776 1052 2843 utebatur,
1063 2777 1213 2839 meditatos,
1225 2794 1381 2850 preparasse

860 2874 913 2908 sese
923 2855 955 2907 sd
963 2855 1033 2927 leges
1042 2855 1168 2908 ferendas.
1177 2854 1221 2907 Sic
1228 2854 1342 2921 (Tacit)
1352 2867 1382 2906 et

860 2933 965 3007 Dialog.
985 2953 1007 2986 c.
1026 2933 1056 2985 13
1072 2933 1129 2988 inis
1145 2932 1235 2986 «molo
1254 2951 1381 2985 securum

860 3009 1379 3083 secretumVirgiiiisecessumsi.esum,

862 3088 1379 3160 quethirgil.emebatConiMeinertis

298 3173 374 3222 sisset
379 3181 493 3232 octavus,
504 3171 595 3223 sMur.
604 3191 632 3223 es
639 3190 682 3223 ora
695 3171 812 3236 Ernesti,
866 3166 1077 3219 Gesehiehteund
1083 3164 1379 3234 UrspmngderWs'ss.

300 3247 371 3299 nullo
393 3238 459 3300 libro
471 3268 571 3319 prorsus
581 3245 741 3301 assentiente.
755 3253 814 3302 Ac·
863 3243 923 3300 vot.
931 3244 951 3295 1.
963 3268 988 3320 p.
999 3248 1046 3315 47²
1054 3245 1099 3298 ubi
1110 3259 1197 3298 notem
1205 3247 1382 3318 eonigss.Vi-

298 3328 415 3378 cessisset
432 3325 504 3377 dedit
522 3325 627 3396 quidem
645 3329 684 3378 ed.
705 3329 739 3380 tt.
756 3349 814 3382 enm
864 3322 1187 3398 deHcyniiopnsc.acad.
1198 3324 1330 3378 volita

299 3417 346 3450 ms.
357 3419 378 3455 e.
394 3415 418 3454 et
435 3401 489 3454 Pal.
510 3401 534 3454 3.
553 3402 597 3455 sed
612 3409 763 3458 arcessisset
774 3405 814 3457 ed.
896 3406 920 3456 5.
934 3405 1063 3456 Assentris.
1073 3404 1214 3454 Assentior
1223 3401 1314 3474 wigo,
1329 3403 1380 3454 in·

300 3479 334 3528 A.
341 3489 363 3528 et
372 3497 416 3530 ros.
425 3479 481 3531 cot.
489 3481 645 3534 detersisset
655 3483 709 3534 Pal.
718 3501 741 3532 s.
751 3483 814 3533 Pos·
864 3482 923 3535 vitis
936 3482 1008 3535 libris
1018 3493 1077 3535 vett.
1089 3481 1171 3536 Scdw.

300 3555 377 3608 terior
389 3575 437 3609 vox
447 3557 518 3610 miris
530 3559 614 3612 modis
626 3561 653 3612 in
667 3572 726 3611 vett
739 3559 811 3612 libris
844 3608 850 3626 ,
893 3557 918 3611 6.
937 3559 991 3612 Nee
1007 3560 1167 3631 illisobricoe
1180 3570 1302 3610 esserum
1311 3563 1381 3626 glo-

300 3647 424 3704 eorrupts.
436 3633 516 3689 sete.
861 3643 939 3692 riom
950 3638 993 3692 Sic
1005 3639 1062 3691 edd.
1075 3651 1133 3690 ante
1145 3633 1213 3690 Mus.
1225 3657 1281 3690 enm
1293 3638 1330 3690 lt.
1340 3641 1381 3691 A.

334 3712 358 3776 4.
373 3711 481 3765 Zaleuci
501 3717 594 3784 leges...
609 3725 739 3784 ponerent.
757 3716 812 3767 Hos
859 3735 879 3770 c.
894 3728 918 3768 et
935 3716 1040 3770 Grutcri
1056 3716 1135 3768 libris.
1146 3716 1201 3769 Nec
1215 3718 1295 3769 illem
1302 3717 1379 3785 sehr.

301 3789 486 3858 legumlatores,
496 3791 570 3844 illurn
581 3794 718 3846 Locrorum
726 3793 813 3866 Epise-
862 3795 902 3847 ed.
916 3796 984 3847 Mur.
998 3806 1023 3846 ct
1033 3815 1103 3866 seqq.
1114 3813 1145 3847 es
1159 3793 1279 3847 Pincioni
1294 3795 1379 3847 libris.

302 3865 449 3939 pityriorurn
463 3870 490 3921 in
506 3870 578 3922 italio
591 3871 667 3935 (eirca
682 3891 742 3923 snn.
754 3884 811 3925 ente
861 3874 981 3944 Denique
991 3883 1122 3925 assertam
1132 3873 1171 3924 ed.
1182 3873 1248 3946 Lips-
1260 3885 1284 3924 et
1292 3871 1380 3926 Gron.

304 3944 394 3997 Christ.
401 3947 471 4013 650),
479 3947 548 4000 bunc
555 3947 624 4001 haud
635 3949 668 4000 ita
675 3949 752 4022 longe
759 3962 815 4021 post
863 3950 1064 4023 nonessphsim.
1074 3963 1173 4024 typogr.
1182 3963 1210 4002 nt
1220 3949 1306 4002 Ruti.
1316 3952 1381 4004 esis·

302 4021 421 4090 Catane,
436 4043 523 4079 sensns
543 4029 590 4080 diu
602 4037 663 4081 ante
680 4029 815 4100 Pythago·
862 4029 973 4093 timorit,
986 4030 1029 4082 sed
1047 4049 1075 4080 ex
1089 4027 1334 4102 Lipsiiconjecturs.
1349 4030 1381 4082 S.

301 4121 353 4154 rom
365 4105 478 4160 floruisse
491 4119 594 4160 constat.
609 4107 674 4160 Nam
688 4107 763 4160 istum
776 4128 815 4159 er·
863 4105 1061 4181 -liuhkopiius
1070 4106 1379 4176 ediditmecillumsodr.

302 4197 382 4234 rorem
402 4203 459 4236 cum
473 4185 558 4238 multis
573 4185 643 4249 aliis,
658 4205 720 4254 qnos
739 4187 815 4238 Ben—
863 4187 962 4249 litam,
972 4185 1380 4254 inquit,marescalcos-scri·

301 4257 372 4312 tieius
384 4262 411 4311 in
423 4262 489 4313 Diss.
501 4281 573 4332 supra
586 4261 728 4314 Phaiaridis
737 4263 814 4335 Epist.
865 4264 981 4317 heremus
1000 4264 1085 4316 suasit.
1100 4264 1242 4317 Obscentus
1259 4277 1295 4315 est
1313 4265 1380 4317 Mn-
