2950 4934
418 509 688 580 EPISTOLA
711 509 789 582 CV.
935 569 937 576 ,
1071 510 1136 577 nod

90 641 279 711 delituerint.
310 640 426 733 Quem
448 641 525 733 quie
544 640 750 720 contemnit,
777 639 884 710 caleat
910 639 984 705 eine
1006 635 1112 704 dubio
1124 688 1136 723 ,

90 757 140 826 ted
152 757 277 824 tramit.
295 758 404 824 Nemo
421 754 553 823 bomini
570 771 763 848 contempto
780 755 1021 849 pertinaciter,
1041 775 1140 821 nemo

92 874 254 965 diligenter
273 888 385 941 nocet.
405 874 515 940 Etiam
534 873 572 940 in
592 873 667 941 acie
685 874 805 965 jacens
828 872 1045 965 praeteritum
1063 893 1140 938 cum

92 1007 184 1059 stante
198 1006 384 1084 pugnatur.
407 991 509 1084 Spem
526 990 755 1083 improborum
771 989 910 1072 vitabis,
933 991 961 1057 ui
978 988 1066 1056 nibil
1080 987 1141 1055 ba·
1164 1001 1182 1056 ³

91 1109 191 1178 bueria
203 1106 297 1204 quod
311 1106 532 1201 cupiditatem
549 1106 694 1174 alienam
707 1122 745 1174 et
756 1106 943 1200 improbam
959 1106 1090 1186 irritet,
1113 1107 1142 1171 oi

91 1224 166 1292 nibil
180 1227 314 1318 insigne
331 1224 536 1318 possederit.
553 1224 851 1316 Concupiscuntur
865 1223 955 1290 enim
970 1220 1116 1312 insignia
1130 1269 1141 1304 ,

91 1343 206 1410 etiamsi
215 1365 335 1434 parum
343 1358 425 1410 nota
434 1356 514 1409 eunt
524 1352 548 1407 ¹.
563 1342 621 1409 Sic
633 1363 714 1407 vero
728 1338 892 1407 invidiam
902 1337 1057 1432 effugies,
1071 1339 1101 1404 ai
1111 1351 1144 1404 te

91 1479 148 1523 uon
158 1456 337 1550 ingeoterio
347 1455 473 1537 oculis,
489 1457 518 1525 oi
528 1455 618 1523 bona
629 1472 688 1524 tua
695 1479 764 1522 non
772 1455 974 1548 jactaveris,
987 1454 1015 1522 ei
1027 1453 1146 1519 ocierio

91 1574 202 1640 insinu
219 1572 409 1665 gaudere².
425 1572 549 1640 Odium
567 1588 680 1640 autem
695 1597 735 1638 ex
756 1571 883 1640 offensa
900 1564 990 1637 ³hoc
1001 1567 1142 1651 vitabit,
1165 1571 1181 1638 l

90 1691 247 1758 neminem
263 1687 460 1758 lacessendo
474 1689 643 1781 gratuito,
659 1712 762 1780 aquo
777 1703 810 1756 te
827 1709 947 1755 oenone
959 1687 1148 1754 communit

91 1806 242 1874 tuebitur.
266 1806 348 1873 Fuit
372 1807 464 1873 enim
485 1805 556 1873 hoc
579 1805 695 1874 multia
717 1803 947 1908 periculosum
979 1801 1147 1894 :quidam

92 1921 218 1996 odium⁴
241 1927 461 2011 babuerunt,
482 1951 547 1995 nec
567 1929 754 2015 inimicum.
776 1923 889 2008 Illud,
912 1949 956 1992 ne
971 1925 1145 2009 timearis,

92 2044 252 2133 prestabit
276 2043 341 2112 tibi
361 2059 396 2110 et
414 2044 560 2112 fortnnoe
581 2042 825 2126 mediocritas,
850 2058 885 2110 et
906 2043 1037 2135 ingenii
1060 2041 1149 2108 leni·

91 2175 145 2227 tat.
162 2163 249 2227 Eum
272 2183 346 2227 eece
363 2172 396 2226 te
420 2160 576 2228 homines
594 2151 740 2242 nciant⁵,
763 2181 863 2251 quem
883 2157 1058 2228 offendere
1076 2159 1151 2226 eine

91 2273 234 2362 periculo
247 2275 381 2366 possint
395 2299 404 2339 ε
419 2273 652 2343 reconciliatio
665 2289 722 2341 tua
738 2289 774 2341 et
790 2274 899 2343 facilit
914 2276 977 2357 tit,
995 2290 1029 2342 et
1042 2287 1149 2341 oerta.

90 2389 208 2458 Timeri
227 2408 343 2458 autem
361 2406 428 2458 tam
447 2389 538 2458 domi
557 2390 733 2458 molestum
750 2397 821 2474 det,
845 2415 946 2482 qnam
967 2389 1067 2476 sorim
1083 2405 1152 2456 tam

88 2508 241 2588 aternio,
259 2530 361 2599 quam
374 2529 395 2574 a
408 2505 539 2574 liberio.
555 2506 650 2587 Nulli
660 2530 730 2573 non
743 2506 787 2574 ad
804 2505 996 2576 nocendum
1008 2507 1089 2574 satie
1099 2508 1154 2574 vi-
1177 2520 1193 2570 5

88 2619 169 2686 rium
182 2637 246 2690 ert.
263 2620 385 2713 Adjice
400 2645 515 2705 nunc,
530 2621 643 2714 quod,
660 2622 720 2713 qui
735 2622 894 2704 timetur,
912 2624 1010 2690 timet
1027 2649 1036 2688 ι
1053 2645 1152 2690 nemo

88 2739 190 2828 potnit
204 2738 371 2807 terribilia
390 2763 464 2806 eoae
481 2762 613 2807 secure.
630 2741 854 2832 Contemptus
865 2755 1040 2832 superest,
1055 2741 1154 2832 cujuo

88 2854 217 2923 modum
234 2856 272 2922 in
285 2879 346 2922 ona
360 2870 525 2947 potestate
541 2856 667 2939 habet,
687 2858 747 2947 qui
762 2857 857 2924 illum
871 2857 936 2924 eibi
954 2852 1150 2952 “adjunxit3

86 3092 151 3126 aa
157 3073 327 3126 interficiendi
334 3072 595 3127 rellexitmeretrieuln
643 3073 677 3125 R.
687 3075 723 3126 A.
731 3074 819 3148 Vulgo
828 3075 921 3149 legitur
929 3079 968 3129 sic
978 3078 1060 3145 allud.
1072 3075 1155 3133 sete.

87 3151 258 3221 munione,
272 3151 397 3204 Senecam
412 3151 509 3224 pbtbiei
517 3150 610 3203 lnbo-.
675 3155 699 3220 4.
716 3153 838 3224 Quidam
858 3156 996 3208 odium...
1013 3158 1155 3210 inimicum.

87 3243 267 3294 ueterrimo:
276 3228 431 3282 moriturum
441 3231 595 3292 memte-
642 3233 697 3286 Etei
721 3232 851 3285 nerninem
876 3233 1059 3301 offendissent,
1081 3249 1155 3308 etque

86 3321 152 3360 rente
165 3308 251 3360 Ilione
264 3307 351 3360 Cannio
366 3310 415 3378 59,
431 3327 469 3378 ις
480 3306 572 3358 Rullo
644 3311 704 3364 ideo
713 3309 813 3363 nullum
824 3311 873 3364 tibi
884 3311 1019 3366 inimicum
1027 3313 1154 3379 iecissent,

117 3407 137 3439 t.
161 3389 284 3441 lemme
309 3408 407 3457 patum
436 3399 501 3442 note
527 3396 597 3443 sunt.
644 3389 771 3442 tamenin
786 3387 873 3441 odium
888 3391 1056 3444 incurrerunt.
1070 3391 1157 3446 Sicex

87 3466 180 3519 etiami
189 3479 281 3519 natura
291 3466 433 3539 insignium
444 3486 504 3518 ven
517 3467 596 3520 inco-
644 3467 743 3520 invidie
753 3464 840 3520 odium
853 3466 915 3520 oriri
928 3480 1009 3540 potest
1019 3487 1026 3521 τ
1041 3471 1155 3542 exemplo

87 3545 210 3616 peltant,
221 3544 314 3618 qnippe
323 3563 380 3615 qnte
389 3544 512 3597 molestiis
521 3545 596 3616 plenu
646 3546 677 3598 eit
691 3543 813 3599 Arietideo
825 3547 922 3619 justus,
938 3547 1044 3600 Athenis
1056 3567 1088 3608 eo
1102 3569 1154 3602 nno

86 3621 458 3694 poeeeaooremmngiepremere
466 3642 599 3693 qnamre-
646 3625 751 3679 nomine
764 3626 792 3678 in
804 3627 906 3678 exilium
919 3625 1011 3696 eiectus
1021 3667 1028 3694 ,
1040 3628 1086 3700 qni
1102 3629 1157 3682 cni-

87 3719 166 3752 meare
178 3699 267 3752 nolent
278 3718 286 3752 t
297 3699 344 3752 ted
359 3700 442 3773 apetie
459 3699 522 3754 falsa
539 3699 599 3770 ple·
648 3722 697 3775 que
708 3705 750 3756 vel
763 3705 860 3759 eCorn.
873 3706 972 3776 Nepote
982 3717 1055 3758 notus
1066 3719 1108 3760 est.
1120 3708 1157 3763 R.

87 3797 190 3850 rumque
202 3778 333 3832 ducuntur
343 3779 469 3832 bominu-
479 3779 567 3832 Rutt.
681 3783 705 3835 5.
725 3783 797 3835 Eum
817 3801 873 3838 etse
893 3794 916 3835 te
937 3783 1052 3837 himlnes
1066 3789 1157 3839 sciunt.

115 3878 138 3911 ι.
147 3858 255 3911 lmen
263 3860 390 3927 gandae,
405 3857 424 3909 i.
434 3858 500 3910 clem
510 3878 536 3927 g.
551 3857 596 3910 ste
649 3858 691 3912 ste
704 3879 750 3912 mn.
768 3881 794 3914 a.
812 3872 836 3912 et
851 3865 936 3914 sciant
953 3861 1028 3914 etiam
1042 3881 1062 3916 c.
1074 3863 1110 3915 R.
1122 3865 1157 3917 A.

86 3933 234 3998 mentm,
247 3936 295 3999 rb,
306 3937 322 3988 8
333 3955 339 3987 :
350 3959 365 3983 ι
374 3935 428 4003 Qui
436 3936 514 4010 eupit,
525 3934 553 3988 iu
563 3948 601 3989 te·
646 3936 733 4010 Vulgo
745 3957 825 4005 qurum
838 3949 862 3990 te
872 3957 927 3991 esse
937 3937 1006 3992 bom.
1018 3943 1103 3994 scient.
1118 3939 1147 3993 S.

86 4013 129 4066 cito
137 4015 250 4087 gandent
256 4013 301 4066 ille
308 4013 390 4066 sinu!-
397 4013 443 4067 ubi
454 4013 597 4067 Bronkbut.
678 4015 703 4070 b
717 4013 859 4086 Quttuom
868 4012 922 4069 s'tbt
929 4020 1063 4086 adiunxit.
1072 4017 1107 4070 Ut
1116 4019 1158 4071 le-

86 4091 517 4166 avutpprmrbiatentomtionir
522 4111 597 4145 uentu
646 4113 702 4148 cere
713 4093 769 4159 illi,
781 4094 812 4147 tle
821 4093 913 4168 quibus
920 4114 994 4168 supra
1004 4098 1101 4149 locutus
1110 4109 1156 4159 est,

85 4169 222 4226 iltume
233 4171 327 4224 lindeb-
646 4171 805 4244 quilnilln,
820 4174 925 4238 remedii
938 4191 1011 4228 eruta
1024 4214 1032 4242 ,
1045 4173 1157 4226 delitue-

116 4249 253 4317 111oest
265 4270 287 4301 e.
301 4247 350 4302 bac
359 4251 399 4317 re)
410 4251 525 4316 niudis,
538 4271 564 4303 a.
574 4273 596 4305 c.
646 4250 705 4303 rint.
