<?xml version="1.0" encoding="UTF-8"?>
<!DOCTYPE html PUBLIC "-//W3C//DTD XHTML 1.0 Transitional//EN"
    "http://www.w3.org/TR/xhtml1/DTD/xhtml1-transitional.dtd">
<html xmlns="http://www.w3.org/1999/xhtml" xml:lang="en" lang="en">
 <head>
  <title>
</title>
<meta http-equiv="Content-Type" content="text/html;charset=utf-8" />
  <meta name='ocr-system' content='tesseract 3.04.00' />
  <meta name='ocr-capabilities' content='ocr_page ocr_carea ocr_par ocr_line ocrx_word'/>
</head>
<body>
  <div class='ocr_page' id='page_1' title='image "./lannsenecparspr04bouigoog_0551.png"; bbox 0 0 2950 4934; ppageno 0'>
   <div class='ocr_carea' id='block_1_1' title="bbox 273 439 1192 526">
    <p class='ocr_par' dir='ltr' id='par_1_1' title="bbox 273 439 1192 526">
     <span class='ocr_line' id='line_1_1' title="bbox 273 439 1192 526; baseline 0 -18"><span class='ocrx_word' id='word_1_1' title='bbox 273 440 510 509; x_wconf 76' lang='lat' dir='ltr'>rnrsron.</span> <span class='ocrx_word' id='word_1_2' title='bbox 537 439 791 510; x_wconf 81' lang='lat' dir='ltr'>sTolcott.</span> <span class='ocrx_word' id='word_1_3' title='bbox 817 439 914 526; x_wconf 75' lang='lat' dir='ltr'>nro.</span> <span class='ocrx_word' id='word_1_4' title='bbox 940 443 968 509; x_wconf 92' lang='lat'>1.</span> <span class='ocrx_word' id='word_1_5' title='bbox 1084 443 1150 522; x_wconf 75' lang='lat' dir='ltr'>eta</span> <span class='ocrx_word' id='word_1_6' title='bbox 1189 503 1192 508; x_wconf 83' lang='lat'>.</span> 
     </span>
    </p>
   </div>
   <div class='ocr_carea' id='block_1_2' title="bbox 25 581 1158 988">
    <p class='ocr_par' dir='ltr' id='par_1_2' title="bbox 25 581 1158 988">
     <span class='ocr_line' id='line_1_2' title="bbox 25 581 1156 667; baseline -0.002 -19"><span class='ocrx_word' id='word_1_7' title='bbox 25 637 26 648; x_wconf 67' lang='grc'>,</span> <span class='ocrx_word' id='word_1_8' title='bbox 97 588 238 646; x_wconf 55' lang='lat' dir='ltr'>mmmm</span> <span class='ocrx_word' id='word_1_9' title='bbox 247 587 426 655; x_wconf 64' lang='lat' dir='ltr'>amoenam</span> <span class='ocrx_word' id='word_1_10' title='bbox 438 584 510 642; x_wconf 86' lang='lat' dir='ltr'>inre</span> <span class='ocrx_word' id='word_1_11' title='bbox 520 581 573 642; x_wconf 83' lang='lat' dir='ltr'>bac</span> <span class='ocrx_word' id='word_1_12' title='bbox 583 603 678 656; x_wconf 75' lang='lat' dir='ltr'>encre,</span> <span class='ocrx_word' id='word_1_13' title='bbox 689 605 748 643; x_wconf 91' lang='lat' dir='ltr'>non</span> <span class='ocrx_word' id='word_1_14' title='bbox 759 585 860 664; x_wconf 72' lang='lat' dir='ltr'>sapim</span> <span class='ocrx_word' id='word_1_15' title='bbox 870 583 1019 656; x_wconf 55' lang='lat' dir='ltr'>advenam</span> <span class='ocrx_word' id='word_1_16' title='bbox 1035 583 1067 644; x_wconf 92' lang='lat' dir='ltr'>id</span> <span class='ocrx_word' id='word_1_17' title='bbox 1076 605 1156 667; x_wconf 79' lang='lat' dir='ltr'>quo-</span> 
     </span>
     <span class='ocr_line' id='line_1_3' title="bbox 95 689 1153 772; baseline -0.001 -21"><span class='ocrx_word' id='word_1_18' title='bbox 95 714 147 772; x_wconf 82' lang='lat' dir='ltr'>que</span> <span class='ocrx_word' id='word_1_19' title='bbox 159 692 293 752; x_wconf 67' lang='lat' dir='ltr'>macher.</span> <span class='ocrx_word' id='word_1_20' title='bbox 309 689 384 752; x_wconf 84' lang='lat' dir='ltr'>Nam</span> <span class='ocrx_word' id='word_1_21' title='bbox 398 691 505 771; x_wconf 75' lang='lat' dir='ltr'>alaeque</span> <span class='ocrx_word' id='word_1_22' title='bbox 519 711 573 762; x_wconf 87' lang='lat' dir='ltr'>ea,</span> <span class='ocrx_word' id='word_1_23' title='bbox 589 709 643 749; x_wconf 90' lang='lat' dir='ltr'>nec</span> <span class='ocrx_word' id='word_1_24' title='bbox 657 689 793 762; x_wconf 86' lang='lat' dir='ltr'>credens,</span> <span class='ocrx_word' id='word_1_25' title='bbox 804 701 837 748; x_wconf 90' lang='lat' dir='ltr'>ut</span> <span class='ocrx_word' id='word_1_26' title='bbox 850 690 892 756; x_wconf 73' lang='lat' dir='ltr'>sic</span> <span class='ocrx_word' id='word_1_27' title='bbox 904 689 998 752; x_wconf 78' lang='lat' dir='ltr'>dican</span> <span class='ocrx_word' id='word_1_28' title='bbox 1008 733 1016 763; x_wconf 93' lang='lat'>‚</span> <span class='ocrx_word' id='word_1_29' title='bbox 1028 691 1153 752; x_wconf 51' lang='lat' dir='ltr'>cncdnmt</span> 
     </span>
     <span class='ocr_line' id='line_1_4' title="bbox 96 795 1153 880; baseline 0 -23"><span class='ocrx_word' id='word_1_30' title='bbox 96 798 169 858; x_wconf 79' lang='lat' dir='ltr'>Lus.</span> <span class='ocrx_word' id='word_1_31' title='bbox 179 795 256 880; x_wconf 85' lang='lat' dir='ltr'>Ergo</span> <span class='ocrx_word' id='word_1_32' title='bbox 267 798 336 857; x_wconf 78' lang='lat' dir='ltr'>alibi</span> <span class='ocrx_word' id='word_1_33' title='bbox 345 797 455 878; x_wconf 85' lang='lat' dir='ltr'>aliquid</span> <span class='ocrx_word' id='word_1_34' title='bbox 465 797 607 880; x_wconf 80' lang='lat' dir='ltr'>ambigis?</span> <span class='ocrx_word' id='word_1_35' title='bbox 621 811 721 879; x_wconf 82' lang='lat' dir='ltr'>preme</span> <span class='ocrx_word' id='word_1_36' title='bbox 733 820 742 854; x_wconf 75' lang='lat' dir='ltr'>a</span> <span class='ocrx_word' id='word_1_37' title='bbox 756 796 875 858; x_wconf 76' lang='lat' dir='ltr'>fortasec</span> <span class='ocrx_word' id='word_1_38' title='bbox 883 797 1066 858; x_wconf 82' lang='lat' dir='ltr'>confirmabo.</span> <span class='ocrx_word' id='word_1_39' title='bbox 1078 797 1153 861; x_wconf 80' lang='lat' dir='ltr'>Ano.</span> 
     </span>
     <span class='ocr_line' id='line_1_5' title="bbox 94 904 1158 988; baseline 0 -22"><span class='ocrx_word' id='word_1_40' title='bbox 94 905 153 988; x_wconf 62' lang='grc' dir='ltr'>Ἐς·</span> <span class='ocrx_word' id='word_1_41' title='bbox 163 929 233 966; x_wconf 76' lang='lat' dir='ltr'>vero</span> <span class='ocrx_word' id='word_1_42' title='bbox 245 930 254 966; x_wconf 77' lang='lat' dir='ltr'>a</span> <span class='ocrx_word' id='word_1_43' title='bbox 268 909 393 987; x_wconf 87' lang='lat' dir='ltr'>primum</span> <span class='ocrx_word' id='word_1_44' title='bbox 407 907 438 964; x_wconf 87' lang='lat' dir='ltr'>in</span> <span class='ocrx_word' id='word_1_45' title='bbox 452 906 592 987; x_wconf 83' lang='lat' dir='ltr'>principio</span> <span class='ocrx_word' id='word_1_46' title='bbox 604 917 634 965; x_wconf 92' lang='lat' dir='ltr'>et</span> <span class='ocrx_word' id='word_1_47' title='bbox 643 907 761 967; x_wconf 87' lang='lat' dir='ltr'>conditu</span> <span class='ocrx_word' id='word_1_48' title='bbox 775 904 1071 966; x_wconf 70' lang='lat' dir='ltr'>intortam-Geniorum.</span> <span class='ocrx_word' id='word_1_49' title='bbox 1087 905 1158 966; x_wconf 79' lang='lat' dir='ltr'>Eece</span> 
     </span>
    </p>
   </div>
   <div class='ocr_carea' id='block_1_3' title="bbox 86 1013 1162 3005">
    <p class='ocr_par' dir='ltr' id='par_1_3' title="bbox 86 1013 1162 3005">
     <span class='ocr_line' id='line_1_6' title="bbox 94 1013 1158 1096; baseline 0.001 -23"><span class='ocrx_word' id='word_1_50' title='bbox 94 1013 500 1094; x_wconf 77' lang='lat' dir='ltr'>dixistiasedquoauctore?</span> <span class='ocrx_word' id='word_1_51' title='bbox 515 1014 720 1094; x_wconf 61' lang='lat' dir='ltr'>monetote,</span> <span class='ocrx_word' id='word_1_52' title='bbox 736 1025 785 1072; x_wconf 87' lang='lat' dir='ltr'>aut</span> <span class='ocrx_word' id='word_1_53' title='bbox 800 1013 934 1072; x_wconf 74' lang='lat' dir='ltr'>sinoce?</span> <span class='ocrx_word' id='word_1_54' title='bbox 951 1025 980 1072; x_wconf 89' lang='lat' dir='ltr'>et</span> <span class='ocrx_word' id='word_1_55' title='bbox 997 1013 1076 1074; x_wconf 85' lang='lat' dir='ltr'>unde</span> <span class='ocrx_word' id='word_1_56' title='bbox 1091 1016 1158 1096; x_wconf 84' lang='lat' dir='ltr'>qoi-</span> 
     </span>
     <span class='ocr_line' id='line_1_7' title="bbox 93 1119 1158 1203; baseline -0.002 -23"><span class='ocrx_word' id='word_1_57' title='bbox 93 1119 210 1180; x_wconf 79' lang='lat' dir='ltr'>busdam</span> <span class='ocrx_word' id='word_1_58' title='bbox 222 1121 281 1179; x_wconf 81' lang='lat' dir='ltr'>hinc</span> <span class='ocrx_word' id='word_1_59' title='bbox 295 1120 437 1201; x_wconf 79' lang='lat' dir='ltr'>pravitas?</span> <span class='ocrx_word' id='word_1_60' title='bbox 449 1120 626 1179; x_wconf 82' lang='lat' dir='ltr'>Divisionem</span> <span class='ocrx_word' id='word_1_61' title='bbox 642 1119 747 1179; x_wconf 74' lang='lat' dir='ltr'>demde</span> <span class='ocrx_word' id='word_1_62' title='bbox 761 1119 872 1192; x_wconf 79' lang='lat' dir='ltr'>dixisti,</span> <span class='ocrx_word' id='word_1_63' title='bbox 888 1134 916 1180; x_wconf 86' lang='lat' dir='ltr'>et</span> <span class='ocrx_word' id='word_1_64' title='bbox 929 1142 1049 1180; x_wconf 86' lang='lat' dir='ltr'>munera</span> <span class='ocrx_word' id='word_1_65' title='bbox 1063 1143 1071 1178; x_wconf 85' lang='lat' dir='ltr'>t</span> <span class='ocrx_word' id='word_1_66' title='bbox 1088 1121 1158 1203; x_wconf 85' lang='lat' dir='ltr'>quid</span> 
     </span>
     <span class='ocr_line' id='line_1_8' title="bbox 93 1225 1158 1310; baseline 0 -24"><span class='ocrx_word' id='word_1_67' title='bbox 93 1249 161 1308; x_wconf 79' lang='lat' dir='ltr'>opus</span> <span class='ocrx_word' id='word_1_68' title='bbox 169 1229 232 1286; x_wconf 80' lang='lat' dir='ltr'>istie</span> <span class='ocrx_word' id='word_1_69' title='bbox 245 1240 288 1288; x_wconf 92' lang='lat' dir='ltr'>tot</span> <span class='ocrx_word' id='word_1_70' title='bbox 297 1247 434 1309; x_wconf 86' lang='lat' dir='ltr'>generum</span> <span class='ocrx_word' id='word_1_71' title='bbox 443 1226 522 1284; x_wconf 87' lang='lat' dir='ltr'>velut</span> <span class='ocrx_word' id='word_1_72' title='bbox 530 1225 651 1302; x_wconf 70' lang='lat' dir='ltr'>Adiuvit</span> <span class='ocrx_word' id='word_1_73' title='bbox 660 1225 702 1284; x_wconf 83' lang='lat' dir='ltr'>illi</span> <span class='ocrx_word' id='word_1_74' title='bbox 712 1226 959 1308; x_wconf 83' lang='lat' dir='ltr'>omniumpotenti</span> <span class='ocrx_word' id='word_1_75' title='bbox 971 1227 1158 1310; x_wconf 74' lang='lat' dir='ltr'>imperatori?</span> 
     </span>
     <span class='ocr_line' id='line_1_9' title="bbox 93 1331 1158 1414; baseline 0.001 -23"><span class='ocrx_word' id='word_1_76' title='bbox 93 1333 145 1392; x_wconf 88' lang='lat' dir='ltr'>Per</span> <span class='ocrx_word' id='word_1_77' title='bbox 157 1354 190 1392; x_wconf 79' lang='lat' dir='ltr'>ae</span> <span class='ocrx_word' id='word_1_78' title='bbox 204 1331 345 1414; x_wconf 84' lang='lat' dir='ltr'>numquid</span> <span class='ocrx_word' id='word_1_79' title='bbox 355 1331 474 1404; x_wconf 77' lang='lat' dir='ltr'>sufficit,</span> <span class='ocrx_word' id='word_1_80' title='bbox 488 1331 605 1411; x_wconf 84' lang='lat' dir='ltr'>publice</span> <span class='ocrx_word' id='word_1_81' title='bbox 619 1332 809 1412; x_wconf 79' lang='lat' dir='ltr'>privatimque</span> <span class='ocrx_word' id='word_1_82' title='bbox 819 1375 828 1403; x_wconf 92' lang='lat'>‚</span> <span class='ocrx_word' id='word_1_83' title='bbox 842 1332 925 1392; x_wconf 82' lang='lat' dir='ltr'>Mens</span> <span class='ocrx_word' id='word_1_84' title='bbox 939 1333 988 1392; x_wconf 84' lang='lat' dir='ltr'>illa</span> <span class='ocrx_word' id='word_1_85' title='bbox 998 1353 1052 1413; x_wconf 85' lang='lat' dir='ltr'>per</span> <span class='ocrx_word' id='word_1_86' title='bbox 1062 1335 1158 1394; x_wconf 82' lang='lat' dir='ltr'>omnia</span> 
     </span>
     <span class='ocr_line' id='line_1_10' title="bbox 93 1435 1156 1518; baseline -0.004 -20"><span class='ocrx_word' id='word_1_87' title='bbox 93 1439 211 1512; x_wconf 68' lang='lat' dir='ltr'>difflua,</span> <span class='ocrx_word' id='word_1_88' title='bbox 222 1438 316 1498; x_wconf 87' lang='lat' dir='ltr'>omnia</span> <span class='ocrx_word' id='word_1_89' title='bbox 327 1436 507 1518; x_wconf 77' lang='lat' dir='ltr'>gnbernare?</span> <span class='ocrx_word' id='word_1_90' title='bbox 517 1436 586 1494; x_wconf 77' lang='lat' dir='ltr'>Huc</span> <span class='ocrx_word' id='word_1_91' title='bbox 599 1449 696 1494; x_wconf 81' lang='lat' dir='ltr'>oratus</span> <span class='ocrx_word' id='word_1_92' title='bbox 706 1435 811 1517; x_wconf 84' lang='lat' dir='ltr'>expedi</span> <span class='ocrx_word' id='word_1_93' title='bbox 819 1459 826 1507; x_wconf 91' lang='lat'>;</span> <span class='ocrx_word' id='word_1_94' title='bbox 835 1435 928 1500; x_wconf 78' lang='lat' dir='ltr'>sicubi</span> <span class='ocrx_word' id='word_1_95' title='bbox 941 1438 1025 1498; x_wconf 82' lang='lat' dir='ltr'>etiam</span> <span class='ocrx_word' id='word_1_96' title='bbox 1035 1436 1156 1509; x_wconf 67' lang='grc' dir='ltr'>Ιιωκιιι,</span> 
     </span>
     <span class='ocr_line' id='line_1_11' title="bbox 92 1522 1156 1623; baseline 0.003 -21"><span class='ocrx_word' id='word_1_97' title='bbox 92 1545 224 1604; x_wconf 85' lang='lat' dir='ltr'>orandus.</span> <span class='ocrx_word' id='word_1_98' title='bbox 249 1543 328 1602; x_wconf 70' lang='lat' dir='ltr'>Lus·</span> <span class='ocrx_word' id='word_1_99' title='bbox 354 1544 493 1623; x_wconf 81' lang='lat' dir='ltr'>Cymbam</span> <span class='ocrx_word' id='word_1_100' title='bbox 514 1522 665 1623; x_wconf 72' lang='lat' dir='ltr'>alligabam</span> <span class='ocrx_word' id='word_1_101' title='bbox 683 1565 691 1598; x_wconf 73' lang='grc' dir='ltr'><em>ε</em></span> <span class='ocrx_word' id='word_1_102' title='bbox 709 1543 815 1614; x_wconf 82' lang='lat' dir='ltr'>solvis,</span> <span class='ocrx_word' id='word_1_103' title='bbox 832 1556 861 1601; x_wconf 92' lang='lat' dir='ltr'>et</span> <span class='ocrx_word' id='word_1_104' title='bbox 882 1544 912 1602; x_wconf 91' lang='lat' dir='ltr'>in</span> <span class='ocrx_word' id='word_1_105' title='bbox 930 1545 1032 1604; x_wconf 88' lang='lat' dir='ltr'>fluctus</span> <span class='ocrx_word' id='word_1_106' title='bbox 1054 1545 1156 1604; x_wconf 80' lang='lat' dir='ltr'>itonam</span> 
     </span>
     <span class='ocr_line' id='line_1_12' title="bbox 92 1650 1157 1735; baseline 0.002 -25"><span class='ocrx_word' id='word_1_107' title='bbox 92 1651 217 1710; x_wconf 78' lang='lat' dir='ltr'>deducis.</span> <span class='ocrx_word' id='word_1_108' title='bbox 232 1651 366 1710; x_wconf 86' lang='lat' dir='ltr'>Pareatur</span> <span class='ocrx_word' id='word_1_109' title='bbox 378 1650 448 1723; x_wconf 82' lang='lat' dir='ltr'>tibi,</span> <span class='ocrx_word' id='word_1_110' title='bbox 461 1664 545 1731; x_wconf 90' lang='lat' dir='ltr'>atque</span> <span class='ocrx_word' id='word_1_111' title='bbox 556 1652 639 1708; x_wconf 88' lang='lat' dir='ltr'>etiam</span> <span class='ocrx_word' id='word_1_112' title='bbox 650 1662 817 1734; x_wconf 89' lang='lat' dir='ltr'>argumento</span> <span class='ocrx_word' id='word_1_113' title='bbox 831 1651 927 1731; x_wconf 91' lang='lat' dir='ltr'>;quod</span> <span class='ocrx_word' id='word_1_114' title='bbox 937 1664 1057 1712; x_wconf 87' lang='lat' dir='ltr'>tractare</span> <span class='ocrx_word' id='word_1_115' title='bbox 1069 1673 1157 1735; x_wconf 89' lang='lat' dir='ltr'>quum</span> 
     </span>
     <span class='ocr_line' id='line_1_13' title="bbox 91 1756 1157 1840; baseline 0.003 -24"><span class='ocrx_word' id='word_1_116' title='bbox 91 1760 228 1838; x_wconf 76' lang='lat' dir='ltr'>cupimus</span> <span class='ocrx_word' id='word_1_117' title='bbox 239 1801 248 1832; x_wconf 86' lang='lat'>‚</span> <span class='ocrx_word' id='word_1_118' title='bbox 265 1757 495 1840; x_wconf 85' lang='lat' dir='ltr'>pertractandum</span> <span class='ocrx_word' id='word_1_119' title='bbox 509 1771 560 1816; x_wconf 89' lang='lat' dir='ltr'>est.</span> <span class='ocrx_word' id='word_1_120' title='bbox 574 1756 681 1831; x_wconf 72' lang='lat' dir='ltr'>Quaeris</span> <span class='ocrx_word' id='word_1_121' title='bbox 692 1757 830 1838; x_wconf 82' lang='lat' dir='ltr'>originem</span> <span class='ocrx_word' id='word_1_122' title='bbox 841 1801 849 1829; x_wconf 89' lang='lat'>‚</span> <span class='ocrx_word' id='word_1_123' title='bbox 862 1769 891 1816; x_wconf 89' lang='lat' dir='ltr'>et</span> <span class='ocrx_word' id='word_1_124' title='bbox 902 1771 1045 1818; x_wconf 80' lang='lat' dir='ltr'><strong>auctorem</strong></span> <span class='ocrx_word' id='word_1_125' title='bbox 1056 1758 1157 1820; x_wconf 84' lang='lat' dir='ltr'>horum</span> 
     </span>
     <span class='ocr_line' id='line_1_14' title="bbox 90 1861 1157 1946; baseline 0.002 -23"><span class='ocrx_word' id='word_1_126' title='bbox 90 1862 257 1924; x_wconf 80' lang='lat' dir='ltr'>Genionrm.</span> <span class='ocrx_word' id='word_1_127' title='bbox 275 1863 448 1932; x_wconf 75' lang='lat' dir='ltr'>Auctorem?</span> <span class='ocrx_word' id='word_1_128' title='bbox 467 1876 498 1927; x_wconf 89' lang='lat' dir='ltr'>et</span> <span class='ocrx_word' id='word_1_129' title='bbox 513 1883 616 1945; x_wconf 55' lang='lat' dir='ltr'>wem,</span> <span class='ocrx_word' id='word_1_130' title='bbox 638 1863 693 1925; x_wconf 86' lang='lat' dir='ltr'>nisi</span> <span class='ocrx_word' id='word_1_131' title='bbox 711 1861 794 1922; x_wconf 89' lang='lat' dir='ltr'>illum</span> <span class='ocrx_word' id='word_1_132' title='bbox 809 1863 936 1924; x_wconf 86' lang='lat' dir='ltr'>omnium</span> <span class='ocrx_word' id='word_1_133' title='bbox 959 1864 1073 1928; x_wconf 77' lang='lat' dir='ltr'>Deum?</span> <span class='ocrx_word' id='word_1_134' title='bbox 1090 1866 1157 1946; x_wconf 86' lang='lat' dir='ltr'>Ipse</span> 
     </span>
     <span class='ocr_line' id='line_1_15' title="bbox 89 1970 1158 2052; baseline 0.004 -24"><span class='ocrx_word' id='word_1_135' title='bbox 89 1971 217 2031; x_wconf 82' lang='lat' dir='ltr'>condidit</span> <span class='ocrx_word' id='word_1_136' title='bbox 232 1994 240 2027; x_wconf 79' lang='lat' dir='ltr'>a</span> <span class='ocrx_word' id='word_1_137' title='bbox 257 1983 323 2030; x_wconf 87' lang='lat' dir='ltr'>ante</span> <span class='ocrx_word' id='word_1_138' title='bbox 335 1971 456 2043; x_wconf 68' lang='lat' dir='ltr'>orbem,</span> <span class='ocrx_word' id='word_1_139' title='bbox 474 1984 503 2032; x_wconf 85' lang='lat' dir='ltr'>et</span> <span class='ocrx_word' id='word_1_140' title='bbox 514 1993 600 2031; x_wconf 82' lang='lat' dir='ltr'>omne</span> <span class='ocrx_word' id='word_1_141' title='bbox 613 1989 685 2048; x_wconf 87' lang='lat' dir='ltr'>opus</span> <span class='ocrx_word' id='word_1_142' title='bbox 698 1993 705 2038; x_wconf 91' lang='lat'>;</span> <span class='ocrx_word' id='word_1_143' title='bbox 725 1991 762 2027; x_wconf 90' lang='lat' dir='ltr'>an</span> <span class='ocrx_word' id='word_1_144' title='bbox 779 1970 873 2031; x_wconf 85' lang='lat' dir='ltr'>statim</span> <span class='ocrx_word' id='word_1_145' title='bbox 888 1971 924 2028; x_wconf 85' lang='lat' dir='ltr'>ab</span> <span class='ocrx_word' id='word_1_146' title='bbox 940 1971 1028 2042; x_wconf 86' lang='lat' dir='ltr'>orbe;</span> <span class='ocrx_word' id='word_1_147' title='bbox 1053 1971 1158 2052; x_wconf 61' lang='lat' dir='ltr'>dispw</span> 
     </span>
     <span class='ocr_line' id='line_1_16' title="bbox 89 2055 1160 2160; baseline 0 -23"><span class='ocrx_word' id='word_1_148' title='bbox 89 2090 149 2136; x_wconf 82' lang='lat' dir='ltr'>tant</span> <span class='ocrx_word' id='word_1_149' title='bbox 159 2077 322 2160; x_wconf 31' lang='lat' dir='ltr'>‘Tbeologia</span> <span class='ocrx_word' id='word_1_150' title='bbox 340 2100 406 2136; x_wconf 88' lang='lat' dir='ltr'>nam</span> <span class='ocrx_word' id='word_1_151' title='bbox 423 2077 508 2136; x_wconf 87' lang='lat' dir='ltr'>Sacra</span> <span class='ocrx_word' id='word_1_152' title='bbox 522 2075 671 2134; x_wconf 86' lang='lat' dir='ltr'>siluerunt.</span> <span class='ocrx_word' id='word_1_153' title='bbox 689 2074 773 2148; x_wconf 89' lang='lat' dir='ltr'>Quod</span> <span class='ocrx_word' id='word_1_154' title='bbox 788 2089 853 2134; x_wconf 87' lang='lat' dir='ltr'>ante</span> <span class='ocrx_word' id='word_1_155' title='bbox 867 2077 1027 2150; x_wconf 85' lang='lat' dir='ltr'>hominem,</span> <span class='ocrx_word' id='word_1_156' title='bbox 1042 2077 1073 2148; x_wconf 81' lang='lat' dir='ltr'>id</span> <span class='ocrx_word' id='word_1_157' title='bbox 1082 2055 1160 2138; x_wconf 85' lang='lat' dir='ltr'>¹con-</span> 
     </span>
     <span class='ocr_line' id='line_1_17' title="bbox 88 2180 1160 2261; baseline 0.002 -19"><span class='ocrx_word' id='word_1_158' title='bbox 88 2185 216 2242; x_wconf 80' lang='lat' dir='ltr'>sentiunt</span> <span class='ocrx_word' id='word_1_159' title='bbox 227 2206 236 2240; x_wconf 75' lang='grc' dir='ltr'>ι</span> <span class='ocrx_word' id='word_1_160' title='bbox 248 2195 277 2241; x_wconf 91' lang='lat' dir='ltr'>et</span> <span class='ocrx_word' id='word_1_161' title='bbox 287 2180 378 2242; x_wconf 82' lang='lat' dir='ltr'>Graeci</span> <span class='ocrx_word' id='word_1_162' title='bbox 389 2180 448 2240; x_wconf 83' lang='lat' dir='ltr'>lere</span> <span class='ocrx_word' id='word_1_163' title='bbox 460 2183 544 2240; x_wconf 84' lang='lat' dir='ltr'>etiam</span> <span class='ocrx_word' id='word_1_164' title='bbox 556 2223 564 2252; x_wconf 92' lang='lat'>‚</span> <span class='ocrx_word' id='word_1_165' title='bbox 580 2180 658 2261; x_wconf 88' lang='lat' dir='ltr'>quod</span> <span class='ocrx_word' id='word_1_166' title='bbox 667 2192 733 2237; x_wconf 84' lang='lat' dir='ltr'>ante</span> <span class='ocrx_word' id='word_1_167' title='bbox 744 2202 857 2240; x_wconf 89' lang='lat' dir='ltr'>omnem</span> <span class='ocrx_word' id='word_1_168' title='bbox 870 2195 1027 2242; x_wconf 83' lang='lat' dir='ltr'>creaturam</span> <span class='ocrx_word' id='word_1_169' title='bbox 1044 2204 1051 2240; x_wconf 82' lang='lat' dir='ltr'>t</span> <span class='ocrx_word' id='word_1_170' title='bbox 1067 2210 1080 2237; x_wconf 80' lang='grc' dir='ltr'>ιι</span> <span class='ocrx_word' id='word_1_171' title='bbox 1096 2184 1160 2244; x_wconf 88' lang='lat' dir='ltr'>De-</span> 
     </span>
     <span class='ocr_line' id='line_1_18' title="bbox 89 2286 1159 2372; baseline 0.004 -26"><span class='ocrx_word' id='word_1_172' title='bbox 89 2290 170 2349; x_wconf 85' lang='lat' dir='ltr'>cebat</span> <span class='ocrx_word' id='word_1_173' title='bbox 185 2290 262 2348; x_wconf 90' lang='lat' dir='ltr'>euim</span> <span class='ocrx_word' id='word_1_174' title='bbox 272 2290 365 2370; x_wconf 90' lang='lat' dir='ltr'>primo</span> <span class='ocrx_word' id='word_1_175' title='bbox 379 2287 602 2347; x_wconf 78' lang='lat' dir='ltr'>intellectualem</span> <span class='ocrx_word' id='word_1_176' title='bbox 614 2286 801 2346; x_wconf 77' lang='lat' dir='ltr'>substantiam</span> <span class='ocrx_word' id='word_1_177' title='bbox 813 2287 913 2361; x_wconf 86' lang='lat' dir='ltr'>condi,</span> <span class='ocrx_word' id='word_1_178' title='bbox 926 2302 953 2347; x_wconf 87' lang='lat' dir='ltr'>ct</span> <span class='ocrx_word' id='word_1_179' title='bbox 964 2301 1024 2349; x_wconf 90' lang='lat' dir='ltr'>tum</span> <span class='ocrx_word' id='word_1_180' title='bbox 1036 2290 1159 2372; x_wconf 90' lang='lat' dir='ltr'>denique</span> 
     </span>
     <span class='ocr_line' id='line_1_19' title="bbox 88 2387 1159 2477; baseline 0.002 -23"><span class='ocrx_word' id='word_1_181' title='bbox 88 2395 228 2454; x_wconf 86' lang='lat' dir='ltr'>Sensilem</span> <span class='ocrx_word' id='word_1_182' title='bbox 243 2420 256 2446; x_wconf 72' lang='lat' dir='ltr'>a</span> <span class='ocrx_word' id='word_1_183' title='bbox 275 2417 283 2451; x_wconf 91' lang='lat'><strong>:</strong></span> <span class='ocrx_word' id='word_1_184' title='bbox 299 2408 332 2452; x_wconf 90' lang='lat' dir='ltr'>ut</span> <span class='ocrx_word' id='word_1_185' title='bbox 347 2394 466 2452; x_wconf 84' lang='lat' dir='ltr'>adstruit</span> <span class='ocrx_word' id='word_1_186' title='bbox 480 2415 517 2452; x_wconf 86' lang='lat' dir='ltr'>ex</span> <span class='ocrx_word' id='word_1_187' title='bbox 531 2387 670 2474; x_wconf 81' lang='lat' dir='ltr'>Gregorio</span> <span class='ocrx_word' id='word_1_188' title='bbox 685 2393 863 2454; x_wconf 86' lang='lat' dir='ltr'>Nazianzeno</span> <span class='ocrx_word' id='word_1_189' title='bbox 878 2395 1081 2456; x_wconf 87' lang='lat' dir='ltr'>Damascenus.</span> <span class='ocrx_word' id='word_1_190' title='bbox 1098 2395 1159 2477; x_wconf 88' lang='lat' dir='ltr'>(De</span> 
     </span>
     <span class='ocr_line' id='line_1_20' title="bbox 89 2496 1159 2583; baseline 0.004 -27"><span class='ocrx_word' id='word_1_191' title='bbox 89 2499 159 2558; x_wconf 88' lang='lat' dir='ltr'>Fide</span> <span class='ocrx_word' id='word_1_192' title='bbox 176 2500 229 2558; x_wconf 85' lang='lat' dir='ltr'>lib.</span> <span class='ocrx_word' id='word_1_193' title='bbox 248 2499 282 2572; x_wconf 84' lang='grc' dir='ltr'>Ι,</span> <span class='ocrx_word' id='word_1_194' title='bbox 298 2522 362 2580; x_wconf 90' lang='lat' dir='ltr'>cap.</span> <span class='ocrx_word' id='word_1_195' title='bbox 382 2496 433 2576; x_wconf 84' lang='lat'>3.)</span> <span class='ocrx_word' id='word_1_196' title='bbox 454 2497 588 2556; x_wconf 89' lang='lat' dir='ltr'>Condidit</span> <span class='ocrx_word' id='word_1_197' title='bbox 606 2511 700 2556; x_wconf 87' lang='lat' dir='ltr'>autem</span> <span class='ocrx_word' id='word_1_198' title='bbox 715 2499 774 2557; x_wconf 86' lang='lat' dir='ltr'>sola</span> <span class='ocrx_word' id='word_1_199' title='bbox 789 2501 957 2580; x_wconf 86' lang='lat' dir='ltr'>cogitatione</span> <span class='ocrx_word' id='word_1_200' title='bbox 975 2524 983 2558; x_wconf 76' lang='grc' dir='ltr'>ι</span> <span class='ocrx_word' id='word_1_201' title='bbox 1004 2513 1089 2583; x_wconf 75' lang='grc' dir='ltr'>ιιῑφιε</span> <span class='ocrx_word' id='word_1_202' title='bbox 1104 2524 1159 2575; x_wconf 86' lang='lat' dir='ltr'>ea,</span> 
     </span>
     <span class='ocr_line' id='line_1_21' title="bbox 87 2601 1160 2684; baseline 0.002 -21"><span class='ocrx_word' id='word_1_203' title='bbox 87 2626 160 2684; x_wconf 87' lang='lat' dir='ltr'>opus</span> <span class='ocrx_word' id='word_1_204' title='bbox 168 2603 213 2663; x_wconf 90' lang='lat' dir='ltr'>illi</span> <span class='ocrx_word' id='word_1_205' title='bbox 224 2603 291 2670; x_wconf 65' lang='lat' dir='ltr'>fuit„</span> <span class='ocrx_word' id='word_1_206' title='bbox 299 2605 343 2662; x_wconf 91' lang='lat' dir='ltr'>De</span> <span class='ocrx_word' id='word_1_207' title='bbox 353 2603 474 2662; x_wconf 84' lang='lat' dir='ltr'>Materie</span> <span class='ocrx_word' id='word_1_208' title='bbox 483 2601 587 2661; x_wconf 89' lang='lat' dir='ltr'>deinde</span> <span class='ocrx_word' id='word_1_209' title='bbox 599 2602 711 2682; x_wconf 72' lang='lat' dir='ltr'>queris.</span> <span class='ocrx_word' id='word_1_210' title='bbox 724 2603 907 2684; x_wconf 84' lang='lat' dir='ltr'>Theologiarn</span> <span class='ocrx_word' id='word_1_211' title='bbox 919 2618 1042 2664; x_wconf 84' lang='lat' dir='ltr'>nostram</span> <span class='ocrx_word' id='word_1_212' title='bbox 1054 2649 1062 2678; x_wconf 88' lang='lat'>,</span> <span class='ocrx_word' id='word_1_213' title='bbox 1075 2605 1106 2665; x_wconf 87' lang='lat' dir='ltr'>id</span> <span class='ocrx_word' id='word_1_214' title='bbox 1116 2620 1160 2666; x_wconf 85' lang='lat' dir='ltr'>est</span> 
     </span>
     <span class='ocr_line' id='line_1_22' title="bbox 87 2686 1157 2792; baseline 0.007 -26"><span class='ocrx_word' id='word_1_215' title='bbox 87 2729 188 2770; x_wconf 81' lang='lat' dir='ltr'>veram</span> <span class='ocrx_word' id='word_1_216' title='bbox 199 2751 208 2782; x_wconf 88' lang='lat'>‚</span> <span class='ocrx_word' id='word_1_217' title='bbox 224 2686 398 2780; x_wconf 66' lang='lat' dir='ltr'>demodis,</span> <span class='ocrx_word' id='word_1_218' title='bbox 410 2731 469 2767; x_wconf 88' lang='lat' dir='ltr'>nen</span> <span class='ocrx_word' id='word_1_219' title='bbox 478 2709 593 2769; x_wconf 83' lang='lat' dir='ltr'>habent.</span> <span class='ocrx_word' id='word_1_220' title='bbox 606 2708 727 2788; x_wconf 77' lang='lat' dir='ltr'>Spiritus</span> <span class='ocrx_word' id='word_1_221' title='bbox 739 2721 768 2767; x_wconf 87' lang='lat' dir='ltr'>et</span> <span class='ocrx_word' id='word_1_222' title='bbox 779 2710 875 2768; x_wconf 80' lang='lat' dir='ltr'>Animi</span> <span class='ocrx_word' id='word_1_223' title='bbox 889 2722 955 2768; x_wconf 87' lang='lat' dir='ltr'>sunt</span> <span class='ocrx_word' id='word_1_224' title='bbox 966 2753 974 2782; x_wconf 91' lang='lat'>‚</span> <span class='ocrx_word' id='word_1_225' title='bbox 987 2711 1157 2792; x_wconf 83' lang='lat' dir='ltr'>incorporei.</span> 
     </span>
     <span class='ocr_line' id='line_1_23' title="bbox 86 2815 1162 2900; baseline 0.004 -26"><span class='ocrx_word' id='word_1_226' title='bbox 86 2817 116 2874; x_wconf 83' lang='lat' dir='ltr'>si</span> <span class='ocrx_word' id='word_1_227' title='bbox 132 2816 309 2875; x_wconf 80' lang='lat' dir='ltr'>Platonicam</span> <span class='ocrx_word' id='word_1_228' title='bbox 323 2839 332 2885; x_wconf 88' lang='lat'>;</span> <span class='ocrx_word' id='word_1_229' title='bbox 348 2835 467 2895; x_wconf 81' lang='lat' dir='ltr'>corpora</span> <span class='ocrx_word' id='word_1_230' title='bbox 481 2828 567 2888; x_wconf 85' lang='lat' dir='ltr'>sunt,</span> <span class='ocrx_word' id='word_1_231' title='bbox 580 2815 743 2896; x_wconf 86' lang='lat' dir='ltr'>etquidem</span> <span class='ocrx_word' id='word_1_232' title='bbox 759 2819 859 2876; x_wconf 70' lang='lat' dir='ltr'>aerea.</span> <span class='ocrx_word' id='word_1_233' title='bbox 877 2815 963 2876; x_wconf 87' lang='lat' dir='ltr'>Haud</span> <span class='ocrx_word' id='word_1_234' title='bbox 977 2817 1062 2900; x_wconf 86' lang='lat' dir='ltr'>longe</span> <span class='ocrx_word' id='word_1_235' title='bbox 1076 2841 1095 2876; x_wconf 88' lang='lat' dir='ltr'>a</span> <span class='ocrx_word' id='word_1_236' title='bbox 1105 2841 1162 2878; x_wconf 87' lang='grc' dir='ltr'>ιιιι-</span> 
     </span>
     <span class='ocr_line' id='line_1_24' title="bbox 86 2921 1161 3005; baseline 0.004 -26"><span class='ocrx_word' id='word_1_237' title='bbox 86 2921 168 2982; x_wconf 86' lang='lat' dir='ltr'>bium</span> <span class='ocrx_word' id='word_1_238' title='bbox 189 2922 395 2980; x_wconf 85' lang='lat' dir='ltr'>concretione:</span> <span class='ocrx_word' id='word_1_239' title='bbox 413 2921 469 2979; x_wconf 85' lang='lat' dir='ltr'>nisi</span> <span class='ocrx_word' id='word_1_240' title='bbox 494 2921 571 3001; x_wconf 89' lang='lat' dir='ltr'>quod</span> <span class='ocrx_word' id='word_1_241' title='bbox 598 2947 612 2974; x_wconf 76' lang='grc' dir='ltr'><strong>α</strong></span> <span class='ocrx_word' id='word_1_242' title='bbox 629 2921 677 2980; x_wconf 86' lang='lat' dir='ltr'>fila</span> <span class='ocrx_word' id='word_1_243' title='bbox 692 2943 844 3002; x_wconf 88' lang='lat' dir='ltr'>corporum</span> <span class='ocrx_word' id='word_1_244' title='bbox 861 2922 1010 3004; x_wconf 77' lang='lat' dir='ltr'>possident</span> <span class='ocrx_word' id='word_1_245' title='bbox 1024 2922 1161 3005; x_wconf 79' lang='lat' dir='ltr'>(Apuleii</span> 
     </span>
    </p>
   </div>
   <div class='ocr_carea' id='block_1_4' title="bbox 85 3025 1290 3108">
    <p class='ocr_par' dir='ltr' id='par_1_4' title="bbox 85 3025 1290 3108">
     <span class='ocr_line' id='line_1_25' title="bbox 85 3025 1290 3108; baseline -0.002 -20"><span class='ocrx_word' id='word_1_246' title='bbox 85 3025 264 3108; x_wconf 72' lang='lat' dir='ltr'>scriptione)</span> <span class='ocrx_word' id='word_1_247' title='bbox 272 3027 361 3108; x_wconf 83' lang='lat' dir='ltr'>magis</span> <span class='ocrx_word' id='word_1_248' title='bbox 376 3047 441 3085; x_wconf 82' lang='lat' dir='ltr'>rara</span> <span class='ocrx_word' id='word_1_249' title='bbox 453 3039 482 3086; x_wconf 91' lang='lat' dir='ltr'>et</span> <span class='ocrx_word' id='word_1_250' title='bbox 490 3026 641 3106; x_wconf 83' lang='lat' dir='ltr'>splendida</span> <span class='ocrx_word' id='word_1_251' title='bbox 651 3071 660 3099; x_wconf 90' lang='lat'>,</span> <span class='ocrx_word' id='word_1_252' title='bbox 671 3027 807 3097; x_wconf 77' lang='lat' dir='ltr'>ettenuia</span> <span class='ocrx_word' id='word_1_253' title='bbox 818 3047 909 3108; x_wconf 55' lang='lat' dir='ltr'>treve</span> <span class='ocrx_word' id='word_1_254' title='bbox 921 3027 1012 3102; x_wconf 87' lang='lat' dir='ltr'>adeo,</span> <span class='ocrx_word' id='word_1_255' title='bbox 1023 3031 1057 3088; x_wconf 82' lang='lat' dir='ltr'>u&#39;t</span> <span class='ocrx_word' id='word_1_256' title='bbox 1067 3029 1162 3100; x_wconf 77' lang='lat' dir='ltr'>radies</span> <span class='ocrx_word' id='word_1_257' title='bbox 1287 3053 1290 3056; x_wconf 95' lang='lat'>·</span> 
     </span>
    </p>
   </div>
   <div class='ocr_carea' id='block_1_5' title="bbox 76 3133 1164 4279">
    <p class='ocr_par' dir='ltr' id='par_1_5' title="bbox 76 3133 1164 4279">
     <span class='ocr_line' id='line_1_26' title="bbox 84 3133 1160 3213; baseline 0.006 -24"><span class='ocrx_word' id='word_1_258' title='bbox 84 3153 190 3192; x_wconf 78' lang='lat' dir='ltr'>ornnes</span> <span class='ocrx_word' id='word_1_259' title='bbox 204 3134 294 3192; x_wconf 77' lang='lat' dir='ltr'>uosui</span> <span class='ocrx_word' id='word_1_260' title='bbox 307 3133 398 3192; x_wconf 82' lang='lat' dir='ltr'>tueris</span> <span class='ocrx_word' id='word_1_261' title='bbox 410 3145 439 3191; x_wconf 92' lang='lat' dir='ltr'>et</span> <span class='ocrx_word' id='word_1_262' title='bbox 452 3133 566 3190; x_wconf 71' lang='lat' dir='ltr'>canuto</span> <span class='ocrx_word' id='word_1_263' title='bbox 581 3133 788 3204; x_wconf 84' lang='lat' dir='ltr'>transmittant,</span> <span class='ocrx_word' id='word_1_264' title='bbox 808 3145 836 3192; x_wconf 88' lang='lat' dir='ltr'>et</span> <span class='ocrx_word' id='word_1_265' title='bbox 855 3133 1008 3213; x_wconf 73' lang='lat' dir='ltr'>splendore</span> <span class='ocrx_word' id='word_1_266' title='bbox 1022 3136 1160 3195; x_wconf 63' lang='grc' dir='ltr'>κιθὼ-</span> 
     </span>
     <span class='ocr_line' id='line_1_27' title="bbox 83 3235 1160 3321; baseline 0.004 -25"><span class='ocrx_word' id='word_1_267' title='bbox 83 3251 174 3310; x_wconf 83' lang='lat' dir='ltr'>rent,</span> <span class='ocrx_word' id='word_1_268' title='bbox 194 3251 222 3297; x_wconf 87' lang='lat' dir='ltr'>et</span> <span class='ocrx_word' id='word_1_269' title='bbox 236 3237 388 3299; x_wconf 77' lang='lat' dir='ltr'>subtilitate</span> <span class='ocrx_word' id='word_1_270' title='bbox 400 3235 580 3296; x_wconf 64' lang='lat' dir='ltr'>tumtur.</span> <span class='ocrx_word' id='word_1_271' title='bbox 593 3263 607 3289; x_wconf 77' lang='lat' dir='ltr'>a</span> <span class='ocrx_word' id='word_1_272' title='bbox 619 3237 696 3312; x_wconf 88' lang='lat' dir='ltr'>Quid</span> <span class='ocrx_word' id='word_1_273' title='bbox 706 3238 792 3297; x_wconf 84' lang='lat' dir='ltr'>Stoici</span> <span class='ocrx_word' id='word_1_274' title='bbox 803 3239 910 3302; x_wconf 71' lang='lat' dir='ltr'>nonai?</span> <span class='ocrx_word' id='word_1_275' title='bbox 926 3241 1010 3298; x_wconf 86' lang='lat' dir='ltr'>etiam</span> <span class='ocrx_word' id='word_1_276' title='bbox 1025 3261 1160 3321; x_wconf 86' lang='lat' dir='ltr'>corpora,</span> 
     </span>
     <span class='ocr_line' id='line_1_28' title="bbox 80 3341 1163 3425; baseline 0.003 -22"><span class='ocrx_word' id='word_1_277' title='bbox 80 3343 137 3403; x_wconf 79' lang='lat' dir='ltr'>sed</span> <span class='ocrx_word' id='word_1_278' title='bbox 158 3343 317 3413; x_wconf 75' lang='lat' dir='ltr'>AEtdcreo,</span> <span class='ocrx_word' id='word_1_279' title='bbox 339 3345 371 3403; x_wconf 91' lang='lat' dir='ltr'>id</span> <span class='ocrx_word' id='word_1_280' title='bbox 386 3356 446 3416; x_wconf 82' lang='lat' dir='ltr'>eet,</span> <span class='ocrx_word' id='word_1_281' title='bbox 463 3345 566 3425; x_wconf 82' lang='lat' dir='ltr'>ignea,</span> <span class='ocrx_word' id='word_1_282' title='bbox 582 3343 736 3425; x_wconf 81' lang='lat' dir='ltr'>assignant.</span> <span class='ocrx_word' id='word_1_283' title='bbox 756 3341 837 3402; x_wconf 86' lang='lat' dir='ltr'>Et&#39;id</span> <span class='ocrx_word' id='word_1_284' title='bbox 860 3365 928 3404; x_wconf 82' lang='lat' dir='ltr'>sene</span> <span class='ocrx_word' id='word_1_285' title='bbox 945 3347 1163 3408; x_wconf 80' lang='lat' dir='ltr'>convenientius</span> 
     </span>
     <span class='ocr_line' id='line_1_29' title="bbox 81 3448 1164 3532; baseline 0.003 -23"><span class='ocrx_word' id='word_1_286' title='bbox 81 3453 195 3511; x_wconf 83' lang='lat' dir='ltr'>nostris</span> <span class='ocrx_word' id='word_1_287' title='bbox 216 3453 300 3514; x_wconf 71' lang='grc' dir='ltr'>εῑὶιιιιι</span> <span class='ocrx_word' id='word_1_288' title='bbox 321 3451 425 3510; x_wconf 72' lang='lat' dir='ltr'>Sacris·</span> <span class='ocrx_word' id='word_1_289' title='bbox 445 3448 520 3508; x_wconf 81' lang='lat' dir='ltr'>Ecce</span> <span class='ocrx_word' id='word_1_290' title='bbox 537 3472 589 3509; x_wconf 85' lang='lat' dir='ltr'>rex</span> <span class='ocrx_word' id='word_1_291' title='bbox 605 3449 744 3509; x_wconf 70' lang='lat' dir='ltr'>Hebraea</span> <span class='ocrx_word' id='word_1_292' title='bbox 760 3448 859 3531; x_wconf 82' lang='lat' dir='ltr'>(Psol.</span> <span class='ocrx_word' id='word_1_293' title='bbox 876 3449 946 3532; x_wconf 86' lang='lat' dir='ltr'>cru)</span> <span class='ocrx_word' id='word_1_294' title='bbox 965 3474 973 3509; x_wconf 78' lang='lat' dir='ltr'>a</span> <span class='ocrx_word' id='word_1_295' title='bbox 994 3479 1008 3506; x_wconf 74' lang='lat' dir='ltr'>a</span> <span class='ocrx_word' id='word_1_296' title='bbox 1021 3453 1077 3528; x_wconf 86' lang='lat' dir='ltr'>Qui</span> <span class='ocrx_word' id='word_1_297' title='bbox 1097 3453 1164 3514; x_wconf 72' lang='lat' dir='ltr'>fecit</span> 
     </span>
     <span class='ocr_line' id='line_1_30' title="bbox 80 3554 1163 3641; baseline 0.003 -25"><span class='ocrx_word' id='word_1_298' title='bbox 80 3559 215 3641; x_wconf 74' lang='lat' dir='ltr'>Angelos</span> <span class='ocrx_word' id='word_1_299' title='bbox 224 3579 289 3618; x_wconf 79' lang='lat' dir='ltr'>euos</span> <span class='ocrx_word' id='word_1_300' title='bbox 298 3559 414 3640; x_wconf 84' lang='lat' dir='ltr'>spiritus</span> <span class='ocrx_word' id='word_1_301' title='bbox 424 3599 433 3630; x_wconf 91' lang='lat'>,</span> <span class='ocrx_word' id='word_1_302' title='bbox 444 3569 474 3616; x_wconf 86' lang='lat' dir='ltr'>ct</span> <span class='ocrx_word' id='word_1_303' title='bbox 484 3557 629 3615; x_wconf 71' lang='lat' dir='ltr'>minisuoe</span> <span class='ocrx_word' id='word_1_304' title='bbox 641 3577 707 3614; x_wconf 86' lang='lat' dir='ltr'>suos</span> <span class='ocrx_word' id='word_1_305' title='bbox 718 3554 861 3617; x_wconf 85' lang='lat' dir='ltr'>flammam</span> <span class='ocrx_word' id='word_1_306' title='bbox 871 3559 956 3640; x_wconf 85' lang='lat' dir='ltr'>ignis.</span> <span class='ocrx_word' id='word_1_307' title='bbox 974 3585 989 3610; x_wconf 79' lang='lat' dir='ltr'>a</span> <span class='ocrx_word' id='word_1_308' title='bbox 1005 3559 1066 3618; x_wconf 82' lang='lat' dir='ltr'>Nec</span> <span class='ocrx_word' id='word_1_309' title='bbox 1075 3560 1163 3619; x_wconf 83' lang='lat' dir='ltr'>semel</span> 
     </span>
     <span class='ocr_line' id='line_1_31' title="bbox 81 3661 1163 3750; baseline 0.005 -28"><span class='ocrx_word' id='word_1_310' title='bbox 81 3661 123 3724; x_wconf 89' lang='lat' dir='ltr'>ita</span> <span class='ocrx_word' id='word_1_311' title='bbox 134 3666 341 3737; x_wconf 84' lang='lat' dir='ltr'>nominantur,</span> <span class='ocrx_word' id='word_1_312' title='bbox 357 3676 406 3723; x_wconf 86' lang='lat' dir='ltr'>aut</span> <span class='ocrx_word' id='word_1_313' title='bbox 415 3675 615 3743; x_wconf 76' lang='lat' dir='ltr'>comparantur</span> <span class='ocrx_word' id='word_1_314' title='bbox 627 3686 635 3720; x_wconf 74' lang='grc' dir='ltr'>ι</span> <span class='ocrx_word' id='word_1_315' title='bbox 648 3675 677 3721; x_wconf 90' lang='lat' dir='ltr'>et</span> <span class='ocrx_word' id='word_1_316' title='bbox 687 3661 851 3722; x_wconf 85' lang='lat' dir='ltr'>Graeeorum</span> <span class='ocrx_word' id='word_1_317' title='bbox 862 3665 964 3745; x_wconf 83' lang='lat' dir='ltr'>uliquis</span> <span class='ocrx_word' id='word_1_318' title='bbox 977 3662 1097 3744; x_wconf 82' lang='lat' dir='ltr'>pulchre</span> <span class='ocrx_word' id='word_1_319' title='bbox 1110 3677 1163 3750; x_wconf 74' lang='grc' dir='ltr'>πῦρ</span> 
     </span>
     <span class='ocr_line' id='line_1_32' title="bbox 79 3769 1160 3852; baseline 0.001 -20"><span class='ocrx_word' id='word_1_320' title='bbox 79 3775 166 3833; x_wconf 66' lang='lat' dir='ltr'>dalea</span> <span class='ocrx_word' id='word_1_321' title='bbox 178 3814 189 3844; x_wconf 90' lang='lat'>,</span> <span class='ocrx_word' id='word_1_322' title='bbox 200 3769 299 3848; x_wconf 77' lang='lat' dir='ltr'>Ignem</span> <span class='ocrx_word' id='word_1_323' title='bbox 312 3770 545 3839; x_wconf 64' lang='grc' dir='ltr'>ιἰιιηιιιιηὶιίιιιι,</span> <span class='ocrx_word' id='word_1_324' title='bbox 562 3790 611 3828; x_wconf 84' lang='lat' dir='ltr'>eos</span> <span class='ocrx_word' id='word_1_325' title='bbox 620 3782 712 3829; x_wconf 82' lang='lat' dir='ltr'>vocet.</span> <span class='ocrx_word' id='word_1_326' title='bbox 725 3769 797 3829; x_wconf 84' lang='lat' dir='ltr'>Nam</span> <span class='ocrx_word' id='word_1_327' title='bbox 811 3771 963 3852; x_wconf 80' lang='lat' dir='ltr'>agilitatem</span> <span class='ocrx_word' id='word_1_328' title='bbox 976 3813 984 3843; x_wconf 88' lang='lat'><strong><em>‚</em></strong></span> <span class='ocrx_word' id='word_1_329' title='bbox 995 3771 1160 3847; x_wconf 83' lang='lat' dir='ltr'>levitatem,</span> 
     </span>
     <span class='ocr_line' id='line_1_33' title="bbox 78 3873 1159 3948; baseline -0.001 -11"><span class='ocrx_word' id='word_1_330' title='bbox 78 3877 249 3948; x_wconf 79' lang='lat' dir='ltr'>fervorem,</span> <span class='ocrx_word' id='word_1_331' title='bbox 266 3877 358 3938; x_wconf 84' lang='lat' dir='ltr'>lucem</span> <span class='ocrx_word' id='word_1_332' title='bbox 377 3876 401 3933; x_wconf 91' lang='lat' dir='ltr'>si</span> <span class='ocrx_word' id='word_1_333' title='bbox 420 3873 501 3933; x_wconf 79' lang='lat' dir='ltr'>vides</span> <span class='ocrx_word' id='word_1_334' title='bbox 516 3896 525 3931; x_wconf 85' lang='lat' dir='ltr'>t</span> <span class='ocrx_word' id='word_1_335' title='bbox 542 3897 607 3934; x_wconf 88' lang='lat' dir='ltr'>cum</span> <span class='ocrx_word' id='word_1_336' title='bbox 625 3875 704 3933; x_wconf 86' lang='lat' dir='ltr'>nulla</span> <span class='ocrx_word' id='word_1_337' title='bbox 726 3897 821 3934; x_wconf 85' lang='lat' dir='ltr'>rerum</span> <span class='ocrx_word' id='word_1_338' title='bbox 842 3875 944 3933; x_wconf 88' lang='lat' dir='ltr'>melius</span> <span class='ocrx_word' id='word_1_339' title='bbox 959 3877 1159 3936; x_wconf 81' lang='lat' dir='ltr'>assimilentur.</span> 
     </span>
     <span class='ocr_line' id='line_1_34' title="bbox 76 3979 1163 4062; baseline -0.001 -18"><span class='ocrx_word' id='word_1_340' title='bbox 76 3985 151 4061; x_wconf 77' lang='lat' dir='ltr'>Hoc</span> <span class='ocrx_word' id='word_1_341' title='bbox 167 3981 276 4054; x_wconf 76' lang='lat' dir='ltr'>fateor,</span> <span class='ocrx_word' id='word_1_342' title='bbox 292 3983 414 4042; x_wconf 78' lang='lat' dir='ltr'>Aeaeum</span> <span class='ocrx_word' id='word_1_343' title='bbox 430 3998 504 4062; x_wconf 75' lang='lat' dir='ltr'>saepe</span> <span class='ocrx_word' id='word_1_344' title='bbox 518 3979 628 4062; x_wconf 86' lang='lat' dir='ltr'>aliquid</span> <span class='ocrx_word' id='word_1_345' title='bbox 639 3980 817 4042; x_wconf 81' lang='lat' dir='ltr'>circumdare</span> <span class='ocrx_word' id='word_1_346' title='bbox 830 3993 863 4039; x_wconf 87' lang='lat' dir='ltr'>et</span> <span class='ocrx_word' id='word_1_347' title='bbox 875 4001 1038 4055; x_wconf 80' lang='lat' dir='ltr'>assumere3</span> <span class='ocrx_word' id='word_1_348' title='bbox 1055 3985 1163 4043; x_wconf 86' lang='lat' dir='ltr'>scilicet</span> 
     </span>
     <span class='ocr_line' id='line_1_35' title="bbox 77 4079 1162 4174; baseline -0.002 -22"><span class='ocrx_word' id='word_1_349' title='bbox 77 4104 113 4153; x_wconf 89' lang='lat' dir='ltr'>nt</span> <span class='ocrx_word' id='word_1_350' title='bbox 128 4089 221 4151; x_wconf 75' lang='lat' dir='ltr'>nobie</span> <span class='ocrx_word' id='word_1_351' title='bbox 231 4100 406 4171; x_wconf 76' lang='lat' dir='ltr'>appareant,</span> <span class='ocrx_word' id='word_1_352' title='bbox 422 4100 471 4146; x_wconf 84' lang='lat' dir='ltr'>aut</span> <span class='ocrx_word' id='word_1_353' title='bbox 482 4087 578 4167; x_wconf 80' lang='lat' dir='ltr'>aliquo</span> <span class='ocrx_word' id='word_1_354' title='bbox 590 4087 711 4168; x_wconf 76' lang='lat' dir='ltr'>vestigio</span> <span class='ocrx_word' id='word_1_355' title='bbox 722 4108 754 4145; x_wconf 84' lang='lat' dir='ltr'>ee</span> <span class='ocrx_word' id='word_1_356' title='bbox 765 4087 925 4147; x_wconf 85' lang='lat' dir='ltr'>ostendant.</span> <span class='ocrx_word' id='word_1_357' title='bbox 939 4079 997 4150; x_wconf 78' lang='lat' dir='ltr'>s&#39;ed</span> <span class='ocrx_word' id='word_1_358' title='bbox 1010 4102 1078 4150; x_wconf 74' lang='lat' dir='ltr'>time</span> <span class='ocrx_word' id='word_1_359' title='bbox 1092 4111 1162 4174; x_wconf 83' lang='lat' dir='ltr'>quo-</span> 
     </span>
     <span class='ocr_line' id='line_1_36' title="bbox 78 4191 1163 4279; baseline 0 -22"><span class='ocrx_word' id='word_1_360' title='bbox 78 4217 143 4279; x_wconf 83' lang='lat' dir='ltr'>que</span> <span class='ocrx_word' id='word_1_361' title='bbox 159 4193 335 4278; x_wconf 84' lang='lat' dir='ltr'>(notatum)</span> <span class='ocrx_word' id='word_1_362' title='bbox 348 4213 437 4276; x_wconf 86' lang='lat' dir='ltr'>quum</span> <span class='ocrx_word' id='word_1_363' title='bbox 451 4191 654 4265; x_wconf 78' lang='lat' dir='ltr'>dissolvuntur,</span> <span class='ocrx_word' id='word_1_364' title='bbox 671 4193 746 4273; x_wconf 80' lang='lat' dir='ltr'>ignis</span> <span class='ocrx_word' id='word_1_365' title='bbox 760 4205 809 4253; x_wconf 89' lang='lat' dir='ltr'>aut</span> <span class='ocrx_word' id='word_1_366' title='bbox 823 4192 967 4274; x_wconf 79' lang='lat' dir='ltr'>sulphuris</span> <span class='ocrx_word' id='word_1_367' title='bbox 980 4195 1096 4257; x_wconf 77' lang='lat' dir='ltr'>odorem</span> <span class='ocrx_word' id='word_1_368' title='bbox 1107 4198 1163 4256; x_wconf 85' lang='lat' dir='ltr'>ali-</span> 
     </span>
    </p>
   </div>
   <div class='ocr_carea' id='block_1_6' title="bbox 0 0 1480 4934">
    <p class='ocr_par' dir='ltr' id='par_1_6' title="bbox 0 0 1480 4934">
     <span class='ocr_line' id='line_1_37' title="bbox 0 0 1480 4934; baseline 0 0"><span class='ocrx_word' id='word_1_369' title='bbox 0 0 1480 4934; x_wconf 95' lang='lat' dir='ltr'> </span> 
     </span>
    </p>
   </div>
  </div>
 </body>
</html>
