2950 4934
434 339 712 420 narsaeus
735 355 882 429 xcrv.
1149 399 1195 467 9,

120 497 196 544 cum
213 476 348 564 virtus,
374 467 450 570 quas
472 477 647 551 mendacia
670 489 723 552 et¹
750 506 868 561 contra
890 517 1010 568 rerum
1027 499 1197 594 placentia

119 593 301 684 exstirpet,
320 617 397 686 quae
409 599 497 664 nos²
511 619 531 662 a
543 595 683 690 populo,
701 603 757 672 cui
771 605 873 678 nimis
891 611 1083 700 eredimus,
1098 643 1197 714 sepa·

119 721 188 790 ret,
202 732 245 776 ac
257 710 404 780 sinceris
413 711 638 806 opinionibus
650 714 786 787 reddat.
799 723 874 792 lloc
887 742 939 796 cst
950 731 1041 801 enim
1053 734 1196 829 Sapien-
1219 757 1253 833 ⁵9

119 824 186 908 tia,
207 826 245 892 in
267 841 426 896 naturam
450 828 601 896 converti
629 843 664 896 et
682 853 722 900 eo
740 837 896 924 restitui,
918 843 1011 915 unde
1038 849 1196 940 publicus

122 965 218 1012 error
233 943 420 1036 expulerit.
439 945 565 1040 Magna
583 967 662 1040 pars
682 949 835 1020 sanitatis
852 971 918 1040 est,
934 958 1127 1034 hortatores
1146 969 1213 1040 in·.

118 1057 219 1126 saniae
242 1055 445 1150 reliquisse,
467 1075 501 1126 et
523 1082 563 1128 ex
587 1060 652 1127 isto
674 1077 763 1132 coetu
781 1065 929 1138 invicem
948 1077 1050 1145 noxio
1073 1083 1197 1173 procul

115 1169 256 1240 abiisse.
276 1173 352 1240 Hoc
370 1187 409 1242 ut
430 1195 504 1240 csse
521 1196 641 1242 verum
656 1177 761 1263 scias,
779 1183 913 1275 aspice,
946 1207 1073 1279 quanto
1096 1196 1197 1266 aliter

115 1288 355 1380 unusquisque
369 1287 498 1382 populo
513 1289 624 1373 vivat,
642 1291 744 1361 aliter
756 1296 835 1366 sibi.
851 1302 928 1396 Non
942 1321 994 1372 est
1006 1331 1070 1400 per
1082 1334 1196 1382 sema.

115 1405 224 1496 gistra
243 1405 447 1474 innocentiae
460 1405 619 1490 solitudo,
636 1433 701 1478 nec
714 1411 942 1508 frugalitatem
953 1419 1077 1495 docent
1095 1453 1191 1521 rura3

113 1520 198 1606 sed,
225 1521 287 1589 ubi
314 1520 409 1591 testis
431 1545 471 1590 ac
488 1537 659 1616 spectator
679 1526 860 1620 abscessit,
883 1536 966 1607 vitia
987 1541 1191 1636 subsidunt,

114 1661 262 1728 quorum
286 1640 471 1709 monstrari
499 1655 534 1708 et
559 1643 711 1734 conspici
734 1645 865 1718 fructus
887 1669 951 1722 est.
978 1655 1069 1749 Quis
1095 1686 1189 1750 eam,
1218 1703 1249 1754 7⁰

113 1778 217 1845 quam
245 1755 334 1825 nulli
361 1756 578 1840 ostenderet,
603 1758 717 1828 induit
739 1772 956 1858 purpuram?
979 1777 1057 1865 quis
1079 1782 1193 1871 posuit

113 1884 278 1936 secretam
301 1871 338 1937 in
355 1893 438 1938 auro
455 1869 601 1964 dapem?
621 1876 715 1964 quis,
733 1880 798 1949 sub
816 1882 962 1975 alicujus
982 1889 1117 1962 arboris
1135 1921 1193 1966 ru·

112 1983 205 2052 sticae
220 1985 393 2077 projectus
410 1985 549 2070 umbra,
567 1987 707 2061 luxuriae
719 2017 788 2064 suae
804 2022 962 2093 pompam
975 2003 1068 2072 solus
1085 2009 1191 2104 expli-

111 2102 208 2169 cuit?
223 2103 332 2170 Nemo
349 2102 461 2170 oculis
483 2105 553 2171 suis
572 2104 683 2176 lautus
704 2128 774 2198 est,
790 2137 835 2182 ne
850 2139 1035 2210 paucorum
1050 2124 1190 2216 quidem

110 2217 393 2302 etfamiliarium3
409 2217 469 2320 sed
482 2237 681 2316 apparatum
695 2225 856 2297 vitiorum
864 2255 1002 2304 suorum
1012 2261 1076 2330 pro
1087 2242 1188 2311 modo

6 2348 9 2361 ·
110 2336 221 2404 turbae
245 2336 438 2429 spectantis
456 2338 628 2430 expandit.
655 2343 706 2409 lta
729 2339 804 2412 est⁵
832 2373 841 2413 t
866 2347 1115 2426 irritamentum
1136 2377 1188 2428 est

109 2453 264 2522 omnium
285 2455 322 2520 in
345 2461 424 2545 quae'
444 2454 648 2540 insanimus,
674 2455 861 2556 admirator
883 2481 917 2533 et
941 2451 1115 2542 conscius.
1133 2479 1185 2546 Ne
1212 2523 1240 2572 7¹

106 2570 388 2662 concupiscamus
418 2569 568 2652 efficies,
598 2573 650 2654 si,
677 2598 722 2643 ne
745 2579 985 2671 ostendamus,
1013 2587 1180 2662 effeceris.

106 2683 278 2766 Ambitio,
301 2701 335 2752 ct
351 2684 503 2770 luxuria,
524 2703 559 2754 et
572 2687 772 2782 impotentia
785 2746 800 2792 ,Ι
816 2720 951 2766 scenam
967 2699 1189 2794 desiderantp

105 2799 243 2868 sanabis
261 2800 344 2883 ista,
366 2802 395 2868 si
411 2801 640 2872 absconderis.
658 2808 800 2900 ltaque,
817 2813 846 2878 si
864 2814 900 2880 iu
915 2814 1028 2884 medio
1044 2821 1182 2891 urbium

104 2914 245 2985 fremitu
262 2913 416 2985 collocati
434 2942 569 3002 sumus,
587 2935 652 2989 stet
664 2922 709 2990 ad
725 2923 813 2994 latus
827 2931 985 3016 monitor,
1002 2949 1037 3001 et
1063 2954 1182 3008 contra

104 3034 301 3103 laudatores
319 3035 509 3128 ingentium
529 3040 810 3128 patrimoniorum
831 3044 949 3115 laudet
963 3073 1069 3143 parvo
1089 3055 1180 3124 divi-

105 3167 194 3234 tem,
217 3167 254 3219 et
272 3175 336 3219 usu
355 3175 437 3245 opes
454 3153 663 3222 metientem.
683 3158 813 3228 Contra
833 3161 930 3246 illos,
956 3169 1017 3258 qui
1035 3173 1179 3262 gratiam
1205 3213 1235 3259 72

101 3293 140 3337 aa
151 3268 538 3363 patentiamattollnnt,
557 3271 661 3338 otium
679 3274 754 3366 lp‘se
767 3279 929 3371 suspiciat
945 3284 1105 3376 traditum
1119 3291 1178 3359 lit-

102 3387 202 3467 teris,
222 3399 259 3453 et
275 3384 426 3452 animum
440 3382 484 3451 ab
499 3387 647 3454 externis
664 3387 709 3456 ad
726 3413 785 3459 sua
804 3417 989 3466 reversum.
1011 3402 1179 3476 Ostendat

101 3526 140 3570 er
154 3501 403 3581 constitutione
424 3500 517 3592 vulgi
540 3501 677 3586 beatos,
701 3505 739 3573 in
759 3508 824 3576 isto
849 3511 1017 3583 invidioso
1042 3519 1176 3614 fastigio

102 3717 144 3772 lass
157 3720 266 3791 jactum
280 3717 344 3771 lslsa
359 3715 440 3790 gloria
455 3717 558 3771 illorum
570 3718 615 3771 vi·
666 3721 751 3776 Carni.
763 3742 778 3774 a
786 3762 795 3790 ,
809 3741 853 3797 ap:
862 3746 876 3775 s
885 3696 1023 3785 Redditum
1036 3735 1098 3809 Cyri
1109 3741 1174 3795 solio

103 3797 618 3870 mrumstqussiconcupiscendaosteu·'
663 3797 790 3855 Phraaten
817 3805 950 3860 Dissidens
972 3813 1042 3884 plebi
1065 3835 1174 3874 numero

103 3889 170 3930 tatur.
661 3876 793 3932 beatorum
811 3881 906 3936 Eximit
917 3887 1020 3956 Virtus,
1038 3895 1173 3967 populum·

135 3973 154 4004 r.
170 3954 211 4007 Et
226 3963 330 4007 coam.
349 3951 389 4007 Et
410 3952 498 4005 reduxi
523 3972 613 4006 ernas.
662 3975 712 4028 quc
726 3956 971 4017 salsisllcdocetuti
985 3969 1173 4029 Vocibus-R.

106 4030 188 4098 ems,
201 4049 286 4104 quum
298 4041 359 4083 ants
368 4029 472 4083 deesset.
481 4029 572 4084 Budk.
697 4035 781 4086 alea
797 4048 842 4090 est.
859 4038 917 4107 sis,
929 4061 959 4094 ax
969 4063 1040 4099 more
1052 4048 1172 4119 Seuere,

134 4130 155 4160 ι.
166 4108 236 4180 Quoe
245 4127 326 4165 aas...
334 4109 437 4162 reddat.
443 4107 485 4162 Sic
493 4107 615 4164 llorstll
663 4128 691 4160 a.
705 4129 727 4163 c·
737 4110 774 4164 A·
785 4113 980 4189 Vulgo'r‘taque.
990 4121 1071 4177 Schts.
