2950 4934
418 417 688 487 orrsross
714 418 819 486 cxl.
1128 419 1193 514 247

113 568 234 637 vocet,
253 549 380 642 quibus
396 550 551 644 quisquis
568 571 605 617 se
627 545 787 628 tradidit,
810 547 1093 638 quaestiunculas¹
1113 550 1193 643 qui·

113 669 190 739 dem
201 661 317 739 vairas
331 668 455 749 nectit,
468 681 627 737 emtarum
636 664 681 732 ad
694 666 797 734 vitam
808 663 896 734 nihil
907 664 1064 758 prolicit,
1081 688 1195 758 neque

113 785 235 852 fortior
246 784 304 864 fit,
317 807 431 875 neque
443 783 699 874 temperantior,
714 804 827 874 nsque
841 780 973 852 elatior.
990 780 1035 850 At
1044 780 1120 864 illc,
1134 783 1193 874 qui

113 900 370 993 Philosophiam
383 901 421 968 in
434 897 623 978 semodium
634 914 733 973 suum
746 898 918 978 exercuit,
934 899 1195 992 iugensfitani·

114 1039 185 1093 mo,
199 1013 330 1106 plenus
343 1013 500 1098 liduciae,
517 1010 820 1104 inexsuperabilis,
836 1025 871 1078 et
886 1010 994 1102 major
1013 1009 1189 1082 tadeuuri.

27 1137 33 1148 ’
113 1129 218 1221 Quod
228 1134 271 1199 in
283 1130 415 1222 magnis
430 1129 548 1203 evcnit
558 1126 746 1212 montibus,
768 1151 915 1219 quorum
929 1129 1115 1220 proceritas
1133 1129 1193 1212 mi·
1219 1159 1233 1189 α

114 1267 177 1313 nris
199 1260 347 1339 apparet
367 1243 473 1336 longe
492 1241 722 1328 intuentibus,
748 1264 855 1335 quum
881 1241 1083 1328 accesseris,
1113 1256 1193 1312 tunc

113 1359 329 1429 manifestum
343 1360 400 1443 fit,
421 1381 523 1453 quam
540 1359 576 1424 in
592 1357 700 1426 arduo
714 1379 846 1426 summa
859 1359 950 1426 sint:
968 1357 1044 1436 talis
1058 1373 1126 1446 est,
1145 1359 1191 1432 mi

112 1473 245 1558 Lucili,
265 1499 387 1557 verus,
409 1474 583 1557 strabus,
608 1498 678 1542 non
692 1474 868 1558 artificiis,
888 1473 1127 1570 Philosophus.
1149 1476 1191 1545 In

112 1589 205 1657 edito
224 1606 308 1672 stat,
327 1588 558 1670 admirabilis,
579 1589 707 1672 celsus,
727 1588 974 1682 magnitudinis
991 1613 1093 1659 verae.
1113 1591 1190 1658 Non
1216 1601 1232 1658 3

113 1701 288 1800 exsurgit³
300 1707 497 1800 lupianus,
512 1729 577 1774 ucc
590 1707 729 1795 summis
739 1706 890 1775 ambulat
902 1698 1056 1800 digitisl,
1069 1730 1190 1776 corum

115 1850 225 1910 mors,
253 1827 314 1917 qui
338 1823 514 1913 mendacio
538 1841 698 1893 staturam
724 1823 906 1918 adjuvant,
925 1824 1187 1918 longioresque,

112 1963 213 2030 quam
237 1956 335 2020 snut,
362 1938 474 2006 rideri
497 1939 617 2008 solunt
643 1964 651 2004 ε
678 1955 861 2008 contentus
877 1955 929 2012 ost
955 1937 1189 2031 magnitudine

112 2078 182 2122 sna.
198 2053 335 2147 Quidni
349 2070 528 2123 contentus
541 2056 585 2123 sit
601 2079 642 2124 co
655 2079 765 2147 usquc
779 2057 946 2139 crevisse,
967 2079 1035 2154 quo
1052 2079 1189 2126 manum

113 2170 328 2237 lortunanon
344 2170 516 2266 porrigit?
530 2175 620 2264 Ergo
635 2188 670 2239 ct
684 2196 789 2265 supra
802 2173 952 2255 humana
963 2161 1035 2255 cst,
1054 2189 1090 2247 ct
1105 2164 1116 2207 ⁵
1125 2195 1189 2267 par

112 2285 175 2352 sibi
193 2287 231 2354 in
249 2287 343 2352 omni
360 2301 448 2353 statu
464 2310 599 2371 rerum3
617 2288 688 2356 sive
708 2287 858 2378 secundo
875 2281 1002 2356 cursu⁶
1020 2291 1090 2357 vita
1109 2312 1188 2382 pro-

110 2401 222 2486 cedit,
248 2405 321 2470 sive
344 2402 530 2470 fluctuatur
552 2427 617 2496 per
643 2401 809 2472 adversa⁷
832 2429 873 2473 ac
895 2405 1062 2476 difficilia.
1089 2410 1187 2478 Hanc
1211 2431 1226 2502 4

112 2520 333 2587 constantiam
347 2519 578 2589 cavillationes
595 2520 687 2605 istae,
708 2521 751 2588 de
771 2521 895 2612 quibus
914 2523 1015 2615 paulo
1034 2539 1113 2592 ante
1132 2525 1185 2593 lo-.

111 2636 254 2727 quehnr,
275 2652 438 2730 praestare
455 2661 523 2705 non
545 2653 700 2730 possunt.
722 2638 827 2708 Ludit
848 2641 922 2710 istis
938 2642 1092 2726 animus,
1114 2668 1184 2712 non

111 2854 199 2906 Noster
210 2856 240 2907 iu
252 2856 301 2928 Ep.
314 2871 379 2920 nv,
393 2858 409 2922 4
421 2877 458 2927 sq.
471 2857 503 2910 dc
522 2857 561 2910 his
579 2878 622 2910 ca·
670 2859 826 2931 nophonlem
834 2899 843 2924 ,
858 2861 967 2915 Memor.
981 2863 1077 2917 Socrsl.
1091 2866 1132 2930 ll,
1150 2889 1179 2937 r,

111 2931 284 2987 villationihus
293 2955 313 2988 s.
326 2935 485 3008 captionibus
496 2957 558 3006 quas
572 2937 588 3006 ς
604 2938 621 2989 8
671 2957 710 2988 aa.
721 2936 812 2990 Ruth.

110 3024 198 3077 vocat,
210 3014 269 3086 egit
284 3014 459 3067 Nominantur
469 3015 621 3088 sophismata
698 3017 727 3080 ,4,
748 3015 801 3068 Nec
817 3021 929 3070 summis
947 3020 1069 3074 ambulas
1083 3023 1181 3092 digitis.

107 3089 225 3160 pleraque
234 3112 249 3143 a
261 3091 338 3163 Diog.
351 3092 432 3144 hacrt.
444 3093 510 3159 Vll,
523 3091 621 3162 75,ubi
670 3089 768 3144 Gallice
780 3109 786 3144 ε
799 3091 830 3144 11
844 3113 877 3146 ne
892 3113 920 3146 se
930 3095 1080 3166 dmsepas
1093 3119 1141 3152 sur·
1150 3104 1180 3154 la

109 3168 319 3243 vidhlenagius.
332 3169 421 3221 Rasa.
592 3186 594 3189 ·
666 3169 755 3236 points
766 3171 812 3233 des
822 3171 906 3238 pleds.

143 3267 165 3299 a.
175 3245 404 3316 Quaestiunculas,
416 3245 434 3299 i.
448 3247 569 3320 captiosas
582 3247 621 3300 in·
703 3249 726 3300 5.
745 3247 784 3300 Et
791 3269 846 3318 por
857 3253 921 3317 sibl,
938 3271 965 3304 a·
981 3272 1003 3308 c.
1017 3254 1053 3305 A.
1064 3255 1142 3310 Abest
1155 3269 1181 3310 el

109 3325 343 3394 terrogatiunculas,
356 3325 621 3383 casinianum
667 3326 726 3384 edd.
739 3325 816 3388 0¹13·
829 3327 912 3384 Sela.

140 3425 163 3455 a.
171 3404 384 3468 Majorudeuntr'.
395 3405 444 3456 lut.
455 3406 536 3476 major
546 3407 620 3458 side·
679 3417 690 3436 ⁸
701 3404 724 3454 fs
736 3405 797 3458 Sr've
808 3409 917 3460 secundo
932 3427 1018 3462 cursu·
1034 3411 1079 3465 Est
1090 3413 1180 3467 facili-

109 3493 167 3545 ω,
184 3499 263 3550 quum
281 3481 356 3534 illurn
370 3500 446 3554 paupe
462 3482 618 3555 inspexeris:
668 3493 719 3546 tas,
732 3501 809 3554 qum
823 3495 908 3538 noster
919 3487 969 3564 Ep.
985 3501 1050 3552 cxx,
1066 3489 1178 3544 uillam

109 3559 474 3634 quiconsramagniapupulo
484 3575 615 3627 vocantur,
666 3556 766 3610 hulam
785 3560 864 3612 vllam
890 3563 1002 3616 secundo
1026 3563 1179 3619 (lelluenlem

111 3637 196 3708 pusilli
204 3651 278 3702 aaut,
289 3639 311 3690 si
322 3638 379 3690 illos
393 3637 558 3711 introspicias.
569 3639 617 3693 Be·
666 3655 756 3702 eursu,
777 3651 864 3704 vocat,
882 3639 991 3710 εὔροιαν,
1010 3643 1126 3698 cluullas.
1139 3645 1180 3696 De

110 3715 617 3787 usvertitlagmnffetsstpmieplm
667 3716 785 3788 Ssp'ute
800 3717 886 3772 Stoico
898 3719 953 3774 h-l.
966 3721 1023 3795 agi,
1038 3741 1083 3798 pet·
1094 3743 1181 3795 sepa-7
1198 3715 1201 3722 ’

105 3797 206 3862 μή,
216 3801 235 3846 ὰ
245 3814 347 3849 nesure
359 3797 440 3864 qu’on
450 3798 476 3847 Ie
488 3799 619 3850 considere
668 3806 711 3847 tet.
724 3795 815 3847 Rohk.

109 3874 287 3939 depluspres.
703 3891 726 3941 7·
751 3873 910 3928 Fructuosus
928 3895 978 3945 per
994 3879 1116 3933 advena.
1132 3880 1180 3944 Erl.

140 3949 165 4000 3.
178 3947 239 4000 Non
250 3951 396 4018 exsurgit...
411 3953 509 4003 uolunt.
520 3950 617 4003 Animo
666 3951 710 4002 Er.
722 3971 751 4003 ex
764 3953 797 4004 Il.
811 3965 835 4006 et
853 3954 940 4008 Scbw.
958 3977 987 4008 cx
999 3977 1025 4008 a.
1042 3979 1062 4012 e.
1076 3962 1112 4012 A.
1126 3961 1178 4013 Pal

109 4025 213 4078 Seneca
228 4025 269 4078 hic
284 4026 415 4080 obversata
428 4029 504 4090 luisse
517 4028 618 4081 videtur
671 4030 715 4094 r,4
722 4028 878 4100 fhactuatur,
889 4044 913 4084 et
918 4053 973 4102 per,
986 4047 1032 4088 etc.
1041 4039 1079 4090 Ac
1091 4038 1194 4108 poterit

108 4100 214 4154 Prodici
226 4103 355 4156 notissima
372 4103 506 4179 descriptio
518 4106 618 4159 virtutis
666 4119 692 4160 et
701 4127 746 4180 pro
757 4111 836 4161 etium
846 4110 933 4183 accipi.
944 4112 1012 4177 Sed,
1023 4111 1119 4185 abjecta
1126 4134 1182 4188 pas·

109 4192 132 4231 et
145 4179 205 4233 vitii
217 4180 279 4235 iuter
287 4201 313 4236 se
323 4183 473 4236 certantium
485 4183 555 4256 apud
564 4183 618 4236 Xe·
666 4186 942 4262 riculo,an,tspoucnda
952 4201 988 4243 est
995 4189 1182 4260 lectiostuctuo·
