2950 4934
312 466 379 532 aso
688 413 841 528 Jus'r1
865 459 1027 530 mrsu

311 589 443 662 crobius‚
470 586 614 646 lSaturn.
636 607 700 668 cap.
730 585 789 670 ιο)
808 587 910 648 codem
931 609 1029 648 versus
1048 585 1199 670 Sarapidos
1226 586 1400 649 retulerim.

311 717 383 780 quos
405 698 592 778 interrogatus
611 718 628 755 a
648 696 836 756 Nicocreonte
850 697 1020 778 Cypriorum
1037 717 1105 779 rege
1120 696 1250 778 protulit.
1269 695 1400 778 Egyptii

308 807 385 866 anim
399 807 484 866 istum
500 801 623 863 Deoncn
637 804 798 864 mnium
821 803 940 877 dicuat,
958 803 989 862 id
1013 815 1077 875 est,
1104 802 1262 862 Mundum.
1281 803 1393 864 Versus

311 925 378 972 suut
391 934 399 968 ι

479 1021 532 1098 alp
545 1028 606 1090 Orbe
617 1027 710 1080 docta
719 1027 815 1110 μθιῖν,
828 1021 877 1080 olas
890 1027 911 1079 ι’
922 1027 967 1092 ἷγὸ
978 1027 1047 1080 alm.

478 1120 592 1188 Οὗρᾶιιος
606 1117 690 1187 κόσμος
702 1116 790 1185 atrati
800 1155 808 1181 ‚
820 1119 908 1187 γαστὴρ
921 1109 945 1172 il
959 1119 1086 1184 lolam,

475 1219 533 1262 Γαΐα
545 1209 574 1262 δι’
583 1232 622 1278 por
635 1203 708 1272 «8815
721 1211 785 1275 siai,
799 1211 828 1263 ab
839 1209 863 1262 δ’
878 1207 943 1261 οὔατ’
957 1209 981 1260 ιἰι
990 1211 1064 1278 αἶθίρι
1077 1219 1163 1274 nrm«,

472 1290 543 1371 opat
555 1325 578 1356 τι
591 1303 719 1368 valenis,
733 1305 840 1372 lapapar
852 1303 911 1369 φάος
923 1301 1022 1358 lallare·

476 1430 538 1479 Sum
549 1430 615 1478 Deus
626 1464 634 1488 ,
647 1435 673 1477 ct
683 1427 739 1477 talis
751 1426 850 1496 qualem
860 1425 996 1476 describam
1009 1443 1055 1493 ego
1066 1426 1167 1495 meipso.

473 1519 589 1569 Galim
602 1519 639 1568 mi
649 1524 725 1587 caput
735 1523 790 1580 est,
805 1524 917 1568 ventrem
926 1517 983 1568 dico
996 1533 1062 1568 mare
1073 1533 1200 1584 maguum.

473 1611 562 1670 Terra,
575 1608 664 1678 peden
677 1613 883 1677 auresponuntur
895 1606 1017 1658 inaetbere
1028 1625 1107 1675 puro;
1454 1609 1455 1622 ¹

471 1699 720 1768 memnona·
731 1696 1097 1767 ocumueumpasua.
1454 1735 1455 1774 ,

308 1833 402 1892 Mutat
422 1829 532 1911 aliquid
547 1830 578 1888 ia
592 1829 648 1888 illis
667 1827 812 1890 Plutarchi
836 1853 845 1888 ι
864 1841 893 1888 et
910 1831 974 1910 quis
993 1851 1051 1888 non
1072 1839 1124 1910 pra
1142 1828 1262 1911 ingenio
1279 1828 1393 1909 pouit?
1454 1845 1455 1848 ’

265 1921 274 1948 ’
309 1935 427 1998 Terram
445 1936 514 1995 lacit
525 1935 628 2015 pedu,
647 1935 714 1995 satis
733 1935 863 2016 apposite
876 1935 973 1993 r'sicut
992 1933 1168 2016 Chrysippus
1184 1933 1298 1995 Stoicus
1314 1956 1392 1994 eam-
1454 1935 1455 1990 l

309 2045 376 2105 dem
390 2068 399 2104 a
414 2043 566 2116 «fulcrum,
577 2053 609 2102 ut
621 2041 778 2102 inanimali
790 2061 885 2101 ossa.»
899 2037 991 2122 (Stob.
1007 2039 1166 2123 Phys.)Fst
1178 2042 1257 2100 enim
1265 2044 1392 2102 maxime

308 2160 456 2231 compacta
472 2160 501 2207 et
518 2147 609 2222 dura,
624 2147 675 2208 aed
690 2158 720 2206 et
732 2147 832 2208 infimo
849 2147 930 2220 loco,
945 2157 977 2206 ut
995 2145 1095 2206 Pedes.
1113 2145 1183 2206 Hac
1199 2145 1294 2207 Stoica
1310 2169 1388 2214 esse,
1454 2137 1455 2166 ³

308 2260 396 2317 etiam
413 2257 459 2318 Jo.
474 2258 669 2316 Damascenus
686 2255 791 2315 docete
807 2255 939 2328 «Stoici,
957 2254 1089 2335 inquiens
1107 2251 1167 2334 (de
1184 2253 1387 2334 Haercsibus),
1454 2297 1455 2338 ι

309 2365 405 2424 Deum
423 2373 551 2424 statuunt
566 2363 694 2422 animum
712 2361 798 2441 bujus
810 2361 969 2436 Univmsi,
989 2381 1092 2442 corpus
1109 2361 1171 2440 ejus
1194 2360 1287 2441 ipsum
1312 2361 1389 2420 Uni-
1454 2355 1455 2436 l

307 2490 422 2529 versum
444 2492 453 2528 ι
476 2470 573 2528 oculos
595 2489 683 2541 vero,
706 2467 820 2541 Solcm'‚
841 2466 971 2540 Lunam,
993 2480 1077 2528 astra.
1095 2493 1109 2520 a
1130 2467 1189 2528 Sed
1209 2480 1238 2528 et
1254 2467 1388 2527 Manilius
1454 2527 1455 2532 χ

308 2577 468 2636 stoicissans
485 2574 555 2659 (lib.
579 2573 636 2656 l)=

1454 2465 1455 2510 l

1454 2533 1455 2582 l

842 2681 845 2689 Δ
1454 2619 1455 2678 l

692 2744 799 2760 .......
815 2707 968 2776 flammaque
981 2709 1112 2767 micantes,
1454 2689 1455 2776 l

471 2800 530 2864 Qua
541 2796 627 2848 llundi
639 2797 718 2849 leccre
730 2801 823 2850 oculos.
1454 2823 1455 2882 ,

307 2929 427 3010 Oculos,
441 2936 541 3010 idest,
557 2936 662 2996 stellas.
679 2936 736 2998 sed
751 2949 783 2996 ut
796 2935 833 2996 ad
846 2936 990 2998 Laertium
1005 2935 1139 3009 redeam,
1151 2959 1168 2996 a
1180 2959 1239 3020 quo
1253 2958 1298 2996 rue
1313 2938 1386 2996 len-

308 3053 351 3101 ter
366 3041 510 3103 abduxisti
523 3067 532 3101 ι
544 3043 633 3104 altera
646 3045 677 3102 in
692 3044 741 3102 illo
757 3044 846 3118 ratio,
862 3066 914 3104 cur
927 3043 1041 3112 Animal
1053 3042 1197 3118 Mundus,
1209 3045 1283 3126 quod
1290 3055 1386 3104 mstm

306 3169 344 3208 ear
354 3169 386 3208 eo
396 3149 494 3208 anima
502 3150 610 3211 amba.
624 3149 713 3225 Quasi
728 3151 806 3211 dicat
818 3174 825 3208 ι
839 3150 924 3226 Quod
936 3151 1067 3210 Animam
1082 3150 1184 3208 emittit
1193 3193 1201 3224 ,
1214 3151 1309 3230 ipsum
1323 3153 1386 3208 ani-

308 3267 416 3313 matum
429 3256 489 3314 cst?
500 3257 563 3315 talis
578 3257 716 3316 Mundus.
734 3257 832 3320 Verba
846 3257 968 3316 Zenonis
982 3256 1049 3315 huic
1064 3257 1224 3328 sententiae,
1237 3256 1267 3313 in
1283 3253 1385 3336 Empi-

307 3362 366 3420 rico
384 3385 393 3419 ι
413 3387 427 3415 ι
446 3361 529 3436 Quod
546 3363 649 3422 emittit
668 3385 766 3422 semen
793 3365 853 3444 ejus
874 3363 952 3444 quod
971 3374 1014 3422 est
1030 3363 1171 3444 particeps
1186 3362 1327 3434 rationis,
1345 3377 1385 3422 est

308 3472 404 3552 iprum
415 3493 528 3552 quoque
538 3473 656 3532 rationis
665 3473 810 3556 particeps
822 3497 830 3530 z
842 3471 969 3534 Mundus
980 3483 1075 3530 autem
1085 3471 1187 3530 emittit
1196 3471 1253 3530 tale
1264 3493 1365 3531 semen
1377 3497 1384 3528 :

308 3596 376 3657 ergo
384 3574 511 3636 Mundus
521 3579 638 3637 rationis
644 3579 817 3659 particeps.»
831 3578 930 3637 Cicero
941 3579 1026 3638 etiam
1037 3575 1093 3636 huc
1105 3575 1189 3635 iaciat
1197 3575 1254 3658 (lv
1262 3577 1383 3659 Acad.):

309 3709 323 3735 ι
341 3683 397 3756 Qui
413 3681 522 3742 Stoicus
539 3696 601 3757 est,
617 3705 676 3742 non
690 3685 781 3767 magis
797 3685 966 3766 approbabit
981 3705 1058 3743 nuuc
1074 3684 1188 3756 lucere,
1203 3705 1291 3764 quam
1307 3684 1385 3744 hunc

307 3789 450 3849 Mundum
466 3811 528 3850 esse
552 3794 727 3873 sapientem,
743 3791 849 3854 habere
864 3793 991 3852 Mentem
1011 3814 1073 3876 quae
1088 3806 1116 3852 et
1130 3794 1225 3874 ipsum
1246 3791 1385 3852 fabricata

308 3896 365 3967 sit,
384 3908 413 3954 et
427 3898 522 3955 omnia
536 3897 711 3974 moderetur,
734 3911 868 3973 moveat,
886 3911 976 3982 regat.
990 3924 1004 3951 a
1022 3898 1111 3959 Vides
1133 3921 1221 3980 quam
1244 3897 1384 3958 alumne

308 3999 361 4059 hoc
375 4002 484 4061 nostri?
499 3985 560 4061 tte'e
584 4004 637 4063 soli
651 4016 768 4080 umen,
786 4027 823 4064 ne
839 4027 926 4065 erres.
951 4003 1057 4064 Omitto
1073 4004 1232 4063 Platonicos
1246 4049 1255 4080 ,
1271 4005 1386 4064 Aristo-

306 4105 375 4164 tcles
390 4108 452 4187 ipse
462 4105 526 4188 (xl
538 4105 701 4191 Metapbya.
716 4133 779 4193 cap.
798 4110 867 4194 ιο),
880 4111 931 4175 sed
946 4133 983 4172 cx
998 4111 1090 4170 aliena
1100 4123 1197 4172 mente
1207 4155 1215 4186 ,
1227 4111 1381 4192 inquiunt,

224 4257 228 4266 .
304 4208 372 4272 alibi
390 4211 515 4306 Animal
529 4214 666 4279 Mundam
689 4218 823 4302 appellat.
850 4219 1050 4302 Trismegistus
1067 4219 1231 4302 planissime
1252 4241 1381 4280 casua:
