2950 4934
330 427 597 508 'EPISTOLA
622 437 762 506 xctv.
1041 457 1083 533 77
1175 487 1182 502 .

68 588 157 640 nonen
166 571 280 652 animi,
296 570 356 662 q'ni
369 569 478 637 levius
491 567 558 636 sibi
571 568 649 636 sscit
663 567 831 661 quidquid
843 571 1086 640 contumaciter

68 711 150 779 passus
169 693 243 756 est¹.
258 686 438 780 'Optimam
465 683 592 754 doioris
614 708 686 756 esse
705 699 884 770 natur-sm,
906 683 997 778 qnod
1015 711 1084 757 non

68 817 156 892 potest,
173 813 247 882 nec,
270 799 334 892 qui
349 796 554 878 extenditur,
577 821 718 892 magnus
737 821 831 886 essc3
851 823 936 881 nec,
958 803 1016 892 qui
1034 817 1086 870 est

66 939 188 1009 magnus,
202 913 349 984 extendi.
367 915 490 982 Omnia
504 913 636 982 fortiter
649 912 849 1007 excipienda
859 919 886 997 ²,
902 939 977 1007 quae
987 913 1085 985 nohis

68 1030 150 1098 nundi
172 1033 347 1101 necessitas
370 1033 526 1124 imperat.
556 1030 617 1098 His
643 1029 789 1108 decretis
809 1055 913 1122 quum
935 1029 1083 1099 illumin
1108 1049 1125 1104 t

64 1163 234 1240 conspectum
261 1171 331 1216 suae
357 1145 561 1216 conditionis
594 1145 798 1231 adduxeris,
829 1164 864 1215 et
889 1151 1085 1245 cognoverit

66 1261 160 1330 betam
174 1285 238 1331 esse
253 1263 382 1343 vitans,
405 1285 473 1330 non
490 1283 565 1352 quae
583 1261 769 1331 secundum
789 1263 992 1356 voluptatem
1010 1282 1081 1351 est,

63 1377 105 1444 ted
118 1377 285 1447 secundnm
310 1393 483 1462 naturam
503 1399 609 1468 quum
627 1379 788 1446 virtutem
803 1380 942 1447 unicum
959 1380 1084 1450 bonum

62 1492 171 1564 dominis
183 1495 404 1577 adamaverit,
421 1491 666 1587 turpitudinem
679 1493 786 1562 solum
801 1495 923 1564 malum
939 1496 1081 1592 fugerit3

62 1609 159 1701 reliqna
176 1613 304 1694 omnia,
327 1602 481 1690 divitias,
506 1607 671 1691 honores,
688 1609 810 1678 bonam
834 1611 1081 1697 valetudinem,

61 1726 141 1808 siras,
155 1727 315 1820 inperia,
336 1725 450 1794 scierit
476 1737 548 1792 esse
574 1721 716 1794 mediam
734 1741 885 1819 partem,
904 1750 968 1795 nco
984 1727 1084 1795 bonis

61 1841 331 1924 annumerandam,
353 1865 418 1910 nec
437 1841 531 1909 malis
548 1841 770 1911 :monitorem
788 1867 857 1911 non
879 1841 1085 1912 desiderabit

61 1955 90 2024 ad
98 1959 226 2052 singula,
241 1959 307 2053 qui
322 1959 412 2028 dicat
431 1985 438 2027 ε
459 1985 474 2020 a
489 1957 544 2028 Sic
556 1955 694 2042 incede,
714 1961 764 2027 sic
777 1958 892 2028 coena!
909 1963 982 2028 Hoc
996 1962 1080 2042 viro,

59 2069 263 2157 hereminae,
295 2075 361 2142 hoc
389 2073 527 2156 marito,
556 2071 621 2142 hoc
642 2073 753 2143 omlibi
777 2071 987 2143 convenit!s
1015 2075 1125 2157 Istas
1181 2108 1185 2116 ·

59 2182 139 2256 snin³
163 2193 217 2284 qui
244 2190 504 2284 diligentissime
527 2208 680 2275 monent,
702 2191 767 2283 ipsi
785 2190 896 2259 iacere
914 2211 983 2260 non
998 2215 1084 2285 pos-

57 2323 121 2372 sunt.
140 2309 212 2378 flaec
229 2305 439 2403 poedagogus
454 2331 583 2400 puero,
605 2305 676 2376 hoec
690 2310 767 2376 avia
779 2309 895 2401 nepoti
909 2309 1081 2401 praecipit3

57 2436 92 2503 ct,
110 2424 309 2494 inscendutn
333 2447 403 2492 non
428 2447 517 2506 esse,
541 2426 700 2518 magister
720 2423 997 2495 iracundissimus
1012 2427 1084 2495 dis-

56 2553 135 2624 putat.
154 2541 186 2608 si
203 2534 345 2609 ludum⁴
361 2537 561 2607 litterarium
582 2538 781 2621 intraveris,
804 2540 890 2608 scies
906 2540 986 2620 ista,
1007 2563 1082 2633 quas

55 2651 154 2743 ingenti
178 2652 362 2751 supercilio
390 2653 582 2748 philosophi
606 2657 754 2749 jactant,
787 2657 825 2724 in
857 2655 981 2750 puerili
1009 2678 1081 2726 esse

54 2773 230 2864 prescripto.

84 2883 185 2952 Utrum
206 2884 334 2955 deinde
361 2877 572 2965 manifesta⁵,
599 2907 642 2952 an
664 2877 768 2954 dubia
788 2885 987 2978 precipias?
1004 2889 1081 2956 Non
1109 2919 1139 2956 ιο

76 3117 92 3148 ¹·
103 3097 151 3170 Qui
158 3101 236 3157 ierim
250 3100 308 3158 sibi
315 3103 387 3173 socii
395 3091 527 3172 quidquid
572 3100 616 3172 qni
623 3113 747 3154 estservus
754 3141 762 3168 ,
769 3122 846 3176 puero
853 3102 934 3156 libero
944 3143 951 3171 ,
962 3104 998 3156 sic
1008 3109 1079 3166 acia,

51 3185 95 3228 toti·
100 3193 241 3247 parserat.
253 3181 298 3236 Sic
308 3189 336 3234 et
345 3180 464 3234 Horatius
473 3179 524 3231 Od.
573 3198 629 3250 qute
642 3192 677 3232 ast
686 3180 781 3248 retnis,
790 3184 875 3252 nepoti
884 3181 1038 3253 precipiunt.
1047 3184 1082 3235 R.

51 3267 82 3314 Π,
92 3257 127 3307 tn.
140 3259 165 3312 l:
179 3282 192 3307 ι
203 3259 255 3312 Sed
273 3259 356 3311 levina
369 3256 397 3310 fit
409 3257 525 3330 patientia
607 3258 629 3323 4.
639 3257 672 3309 Si
677 3258 957 3328 iudum...‘proescripto‚
967 3259 1081 3332 vulgaria

50 3330 150 3402 Quidquid
158 3337 284 3408 corrigere
301 3347 337 3388 est
347 3337 425 3388 naias.
437 3355 451 3382 s
575 3347 599 3386 et
608 3333 664 3386 trita
677 3351 727 3387 esse
740 3354 768 3386 sc
780 3335 863 3406 pueris
875 3349 973 3389 tanturn
986 3338 1080 3410 digna,

72 3411 267 3482 sampsone,
288 3434 317 3465 a.
328 3433 350 3466 c.
368 3413 404 3465 R.
419 3415 454 3465 A.
473 3430 527 3464 non
576 3413 855 3486 nonqualibsttetstset
867 3415 944 3469 nullis
955 3417 1081 3489 probatio·

49 3490 413 3564 uuerwatvutgoocto.
575 3491 650 3544 nibus
661 3492 1082 3564 adjuta,etc.liudls.·-·1nproe-

71 3560 87 3612 i.
98 3565 150 3618 Ista
159 3571 254 3620 αιὺη...
265 3587 320 3618 nnn
330 3575 446 3636 possunt.
459 3566 529 3638 Spe·
575 3576 682 3640 scripio,
694 3573 711 3626 i.
724 3591 745 3624 e.
757 3574 783 3625 in
800 3573 900 3648 'gnomis
913 3585 937 3626 et
952 3575 1080 3627 sententiis

50 3638 98 3693 tid'n
108 3665 151 3697 non
163 3663 300 3720 possumus
314 3665 342 3697 er
355 3646 470 3700 domnina
482 3645 528 3698 ists
574 3669 630 3722 quse
638 3649 807 3704 describenda·
816 3653 1082 3726 stediseendepropo·

51 3713 131 3788 iim,
142 3725 181 3778 sed
195 3745 223 3776 er
234 3724 376 3795 exemplis,
390 3743 446 3795 que
455 3724 527 3776 ride·
575 3743 675 3782 nuntnr.
684 3731 721 3782 lta
731 3729 797 3781 infra
809 3743 816 3781 ε
826 3753 838 3775 s
848 3730 924 3782 Pueri
931 3731 961 3781 sd
971 3730 1082 3803 prescri-

49 3813 87 3847 nu
101 3813 120 3852 et
139 3803 169 3855 sd
188 3821 248 3874 qne
276 3821 325 3855 nos
347 3821 527 3873 comparamus.
575 3819 645 3879 ptum
662 3806 776 3871 ducunt,
789 3805 863 3880 digiti
877 3805 980 3859 illorum
994 3821 1082 3860 tenen·
1151 3804 1155 3813 ’

49 3870 137 3944 impla
146 3894 230 3934 autern
240 3892 409 3953 praeceptores
418 3880 458 3932 isti
467 3880 527 3932 dare
575 3895 648 3936 tur.»
666 3883 839 3957 Praeseriptnm
859 3905 934 3958 crgo,
949 3885 1082 3959 exemplar.

49 3967 83 4002 ¹²⁰²
94 3969 182 4026 pssunt
194 3959 286 4012 multis
302 3979 330 4011 er
348 3958 445 4024 causis,
463 3979 484 4011 e.
503 3977 528 4032 g.
575 3957 688 4029 lipsien.

48 4032 88 4094 tiis
97 4047 157 4099 etos,
169 4037 288 4090 conditio
299 4077 307 4102 ,
322 4048 367 4090 etr.
377 4035 526 4109 impediunt,
609 4039 631 4092 5.
642 4039 736 4094 Utmm
744 4041 1080 4114 deindemnmfestadtuhk.

49 4109 87 4174 pia
97 4131 144 4179 tes,
156 4115 185 4169 ds
202 4116 302 4189 quibus
319 4129 438 4188 precepta
449 4115 526 4177 dant,
576 4129 661 4171 utrum
668 4119 811 4188 monfista
819 4119 1080 4189 deinde:sie,inquit,

49 4201 215 4258 ¹tptnrrtsntnr
223 4236 232 4261 ‚
241 4207 292 4250 etc.
303 4194 348 4247 sis
355 4198 525 4268 poedagogus,
578 4196 649 4252 Pinc.
660 4211 683 4250 et
695 4198 767 4252 Grnt.
778 4214 835 4251 mss.
848 4213 945 4253 omnes.
957 4201 1036 4250 Antea
1047 4196 1083 4248 ie·
