2950 4934
303 474 373 563 6⁴4
674 470 828 543 rusrr
851 471 1014 541 mrsu

302 630 329 678 ct
337 616 541 689 successiones,
551 612 706 675 deteriores
717 635 833 697 semper
839 613 929 675 forma
938 628 968 675 et
976 615 1083 675 viribus
1093 612 1212 675 iactos·
1223 615 1316 676 Varro
1324 617 1379 676 laer

301 729 395 807 ipsum
412 746 420 783 s
440 750 455 777 ι
470 722 529 781 Nisi
545 724 589 795 si,
608 732 640 781 ut
654 722 797 783 Homerus
811 723 943 804 opinatus
960 734 1020 797 est,
1035 723 1157 781 vastiora
1168 722 1381 805 prolixioraque

302 831 409 892 luerint
423 851 541 911 corpora
557 828 704 889 hominum
719 830 900 911 antiquorum
920 854 929 887 r
944 842 973 888 ct
994 852 1071 890 nunc
1093 832 1173 911 quasi
1195 830 1255 911 jam
1270 832 1382 891 mnodo

301 949 487 1009 senescente,
505 958 600 997 rerum
616 948 702 1018 atque
714 936 864 999 hominum
882 936 1065 997 decrementa
1078 951 1144 997 sunt
1156 964 1169 990 u
1188 936 1238 1018 (in
1255 938 1379 997 soen.

306 1045 419 1105 Noctib.
437 1042 501 1117 ΙΙΙ,
518 1065 581 1124 cup.
603 1040 667 1124 ro).
685 1043 744 1103 Ubi
761 1043 839 1125 quod
854 1042 891 1105 de
905 1044 1033 1104 Homero
1047 1056 1111 1116 est,
1127 1045 1218 1125 liquet
1228 1046 1334 1125 sepius
1346 1046 1382 1103 ab

309 1152 360 1213 illo
371 1162 539 1233 usurpatum
554 1172 563 1207 r

589 1326 696 1345 .......
709 1290 967 1361 οἶοινῧνβρκοΙιΙσι·

470 1384 557 1451 Qualis
567 1400 632 1435 nune
642 1382 773 1438 bominum
782 1382 898 1453 producit
909 1400 1012 1453 eorpors
1021 1382 1094 1435 ello
1104 1420 1113 1447 ,

304 1534 336 1581 ut
350 1520 488 1603 Virgilius
502 1520 597 1579 vertit.
613 1518 691 1593 Sed,
707 1518 800 1577 missis
813 1519 922 1599 poetis,
939 1516 1048 1576 Plinius
1063 1517 1150 1576 etiam
1163 1518 1292 1590 censuit,
1318 1544 1332 1568 ι
1350 1518 1382 1575 ln

302 1628 419 1709 plenum
434 1638 536 1687 cuncto
551 1626 713 1686 mortalium
727 1626 826 1707 generi
841 1626 981 1684 minorem
997 1626 1028 1684 in
1047 1623 1109 1684 dies
1124 1644 1290 1683 memuram
1306 1626 1383 1688 lieri,

301 1754 436 1815 rarosque
458 1734 623 1815 parentibus
642 1734 838 1815 proceriores,
854 1744 1042 1792 consumente
1066 1732 1224 1791 ubertatem
1241 1733 1383 1791 seminum

304 1839 478 1913 Exustione‚
499 1841 530 1899 in
553 1842 634 1920 eujus
654 1842 731 1901 vices
750 1862 828 1898 nune
842 1850 942 1920 vergat
956 1859 1058 1897 rerum.
1077 1864 1090 1889 n
1116 1838 1161 1897 Ad
1178 1838 1294 1896 senium
1309 1838 1384 1896 velot

303 1945 405 2005 Mundi
422 1945 510 2007 relect
533 1970 541 2004 ι
566 1946 644 2027 quod
666 1945 827 2005 Tremelius
842 1946 950 2026 pariter
969 1943 1008 2003 ad
1026 1944 1146 2005 Terram
1162 1944 1384 2003 sterileseentem

302 2064 400 2135 aptat,
424 2053 476 2112 etsi
498 2052 656 2113 Columella
675 2052 872 2113 dissentiente.
899 2079 913 2105 α
926 2052 1105 2125 Tremelius,
1128 2052 1223 2132 inquit
1242 2051 1328 2133 (cap.
1350 2074 1384 2122 ι,

303 2158 353 2217 lib.
373 2158 442 2241 ΙΙ),
459 2158 530 2219 falso
551 2160 693 2233 eredidit,
712 2170 860 2239 parentem
885 2160 1014 2217 omniurn
1028 2158 1166 2230 Terram,
1185 2158 1261 2216 sicut
1280 2156 1386 2216 midio-

303 2267 382 2325 brem
405 2259 526 2339 sessim,
548 2267 616 2326 andi
633 2268 694 2346 jans
713 2280 793 2327 rotate
810 2264 987 2339 conlectam,
1007 2264 1233 2347 progenerandis
1248 2286 1313 2323 esse
1334 2264 1387 2322 los·

302 2374 379 2433 tibus
396 2374 591 2433 inhabilem.»
610 2372 747 2455 Epicurei
772 2374 801 2431 in
826 2372 927 2433 eodem
943 2394 1040 2433 sensu.
1057 2371 1207 2433 Lucretius
1223 2370 1298 2451 (lib.
1318 2370 1385 2450 ll):

473 2514 578 2581 lemque
589 2512 651 2562 adeo
662 2511 750 2561 allecta
761 2518 881 2572 estates,
894 2512 1026 2579 etloetaqne
1038 2512 1109 2561 tellus

474 2600 523 2651 Vix
534 2602 647 2653 animalis
660 2620 735 2670 parca
747 2608 832 2662 creet,
847 2618 902 2669 que
914 2610 1003 2651 cuneta
1014 2603 1107 2653 crearit

471 2694 547 2743 Seoln
557 2730 565 2755 ,
577 2692 695 2761 deditque
709 2692 815 2743 leramm
825 2692 932 2761 ingentia
945 2710 1048 2761 corpora
1059 2693 1143 2761 pertis.

306 2820 428 2903 Quando
443 2820 543 2881 dedit?
557 2821 646 2880 olims

598 2987 709 3009 .......
721 2966 800 3021 quum
811 2953 881 3023 pluro
892 2960 976 3003 coorta
986 2988 994 3014 ,

475 3050 507 3098 ΙΙΙ
517 3046 610 3110 rumora
621 3082 628 3107 ‚
641 3063 704 3097 nova
716 3042 815 3106 tellure,
828 3050 902 3113 atquo
911 3042 998 3095 ethere
1007 3041 1102 3094 adulto.
1114 3044 1183 3112 (lib.
1198 3046 1243 3112 V.)

308 3179 464 3245 Enimvero
473 3196 502 3244 et
513 3186 543 3245 in
556 3182 744 3241 Hebraeornm
754 3180 835 3241 libris
846 3191 907 3255 est,
919 3179 998 3260 quod
1009 3181 1112 3239 firmet.
1133 3178 1241 3241 Esdras
1249 3182 1324 3263 (lib.
1338 3185 1390 3252 ll,

312 3314 376 3373 cup.
394 3290 431 3373 5)
446 3314 453 3349 s
473 3318 486 3343 o
502 3291 649 3371 interroga
667 3306 729 3348 eam
746 3294 808 3367 qirae
824 3288 916 3369 parit,
934 3299 964 3346 et
978 3286 1055 3347 dieet
1068 3287 1131 3348 tibi.
1147 3288 1236 3347 Dices
1253 3293 1331 3351 enirn
1347 3294 1389 3360 ei,

309 3396 404 3472 Quare
421 3417 493 3477 quos
510 3396 645 3476 peperisti
660 3416 758 3468 nune,
779 3416 837 3454 non
858 3406 926 3454 sunt
942 3394 1050 3453 similes
1065 3394 1110 3454 his
1127 3396 1177 3475 qui
1192 3409 1262 3457 ante
1274 3410 1326 3470 te,
1342 3399 1391 3458 sed

309 3505 434 3563 minores
449 3500 573 3561 statura?
593 3500 630 3560 Et
645 3500 722 3561 dicet
736 3496 788 3560 tibi
803 3502 886 3582 ipsa:
900 3502 957 3560 Alii
974 3515 1043 3562 sunt-
1054 3503 1105 3584 qui
1120 3504 1150 3563 in
1164 3505 1318 3583 juvenmtc
1331 3508 1395 3566 str-

310 3612 378 3671 tutis
400 3610 459 3669 nati
478 3621 564 3683 suut,
588 3619 617 3666 et
632 3606 679 3667 elii
693 3607 744 3689 qui
758 3608 812 3667 sub
828 3620 955 3689 tempore
970 3610 1143 3684 senectutis,
1161 3610 1317 3673 deficiente
1328 3637 1395 3673 ma-

308 3718 395 3790 trice,
413 3727 480 3776 sunt
494 3716 564 3775 nati.
579 3714 735 3775 Considera
749 3737 817 3798 ergo
831 3728 860 3775 et
873 3728 922 3790 tu,
937 3718 1073 3796 quoniam
1084 3719 1190 3778 minori
1202 3731 1313 3781 statura
1328 3726 1393 3783 estis

310 3844 366 3903 pre
381 3821 426 3881 his
445 3823 496 3902 qui
516 3834 582 3880 ante
596 3844 646 3881 vos
665 3845 673 3881 ι
690 3822 784 3901 etqui
807 3835 872 3902 post
891 3844 959 3897 ros,
983 3824 1088 3883 minori
1113 3846 1201 3905 quam
1220 3850 1274 3889 vos
1291 3853 1301 3888 s
1317 3829 1392 3911 quod

305 3940 488 3989 senescentes
512 3940 664 4002 creature,
689 3940 717 3987 et
738 3926 933 3989 fortitudinem
954 3931 1113 4009 juventutis
1135 3946 1355 4013 pretereuntes.
1376 3964 1390 3986 a
1455 3949 1457 4010 5

306 4035 375 4110 Qun
389 4048 484 4095 tomen
501 4034 588 4094 dictio
603 4046 631 4093 et
646 4036 853 4117 argumentatio
867 4037 891 4095 si
906 4058 993 4109 vera,
1010 4018 1039 4095 el
1053 4037 1091 4097 ab
1104 4058 1165 4099 sevo
1180 4040 1211 4099 in
1223 4063 1317 4103 avum
1330 4042 1392 4103 Ho-

306 4144 399 4203 mines
417 4144 542 4203 minores
559 4166 567 4200 ε
587 4141 658 4222 quid
669 4164 777 4217 causa,
794 4142 936 4223 quinium
949 4142 1090 4225 Pygmaei,
1106 4157 1137 4205 et
1150 4148 1265 4221 minus,
1281 4151 1390 4210 simus?

302 4248 389 4333 Atqui
415 4262 525 4309 constat
547 4271 598 4307 nos
621 4273 638 4307 a
661 4249 705 4309 bis
727 4262 827 4330 torque
851 4250 928 4309 mille
949 4252 1033 4310 annis
1053 4274 1156 4332 parum
1184 4268 1234 4315 out
1251 4257 1296 4315 nil
1319 4278 1390 4317 mu·
1455 4271 1456 4274 ’
