2950 4934
433 499 707 571 urrsrons
731 481 853 569 cxv.
1119 532 1183 599 ²77

107 632 245 717 Aderit,
269 626 486 723 levabitque,
505 631 534 699 si
557 628 672 698 colere
693 649 767 698 eam
786 629 1006 702 voluerimus.
1030 633 1185 702 ¹Colitur
1210 647 1227 701 t

107 767 238 827 autem.
257 771 327 817 non
345 761 521 817 taurorum
545 747 669 841 opimis
691 745 893 840 corporibus
917 749 1185 835 contrucidatis,

110 891 172 937 nec
190 889 276 936 auro
292 879 506 960 argentoque
526 855 689 958 suspenso
701 867 734 946 ²,
751 877 816 934 n'ec
832 865 869 934 in
885 865 1062 940 thesauros
1080 861 1188 964 3stipe

111 985 240 1070 iniussa,
261 979 323 1051 sed
338 983 396 1077 pia
410 996 446 1050 et
460 995 555 1050 recta
570 979 758 1050 voluntate.
1186 983 1187 986 ’

157 1104 285 1186 Nemo,
307 1101 467 1192 inoptam,
486 1121 557 1166 non
573 1119 689 1188 amore
706 1098 782 1191 ejus
799 1099 956 1188 arderet,
983 1103 1011 1170 si
1029 1102 1129 1172 nobis
1144 1103 1190 1172 il·

112 1218 178 1285 lam
190 1215 313 1289 videre
326 1216 565 1310 contingeret:
578 1236 672 1281 nuno
685 1214 778 1282 enim
792 1215 897 1284 multa
916 1209 929 1260 ⁴
941 1216 1170 1312 obstrigillant
1176 1269 1189 1306 ,

112 1346 147 1398 et
166 1331 277 1398 aciem
294 1342 443 1397 nostram
458 1341 519 1396 aut
531 1325 715 1421 splendore
735 1327 842 1396 nimio
858 1332 1114 1425 repercutiunt,
1134 1349 1192 1401 aut
1262 1389 1275 1404 .

112 1438 343 1515 obscuritate⁵
357 1445 521 1512 retinent.
537 1439 607 1512 Sed
619 1443 669 1530 si,
686 1442 993 1537 quemadmodum⁸
1003 1447 1096 1520 visus
1109 1473 1194 1520 ocu·
1220 1483 1232 1531 7

113 1560 225 1630 lorum
243 1555 447 1651 quibusdam
467 1555 724 1626 medicamentis
742 1559 819 1627 seui
836 1560 922 1629 solet
940 1577 974 1630 et
992 1563 1190 1657 repurgari,

113 1678 162 1745 sic
187 1699 251 1744 nos
272 1676 381 1745 aciem
403 1673 508 1742 animi
525 1673 675 1743 liberare
691 1675 945 1769 impedimentis
964 1675 1192 1762 voluerimus,

112 1793 301 1884 poterimus
315 1792 510 1885 perspicere
524 1792 716 1876 Virtutem,
737 1793 839 1863 etiam
858 1792 1014 1862 obrutam
1028 1817 1192 1887 corpore,

114 1908 217 1975 etiam
235 1921 438 2001 paupertate
455 1907 629 2001 opposita,
653 1907 756 1976 etiam
774 1907 989 1977 humitiute²
1006 1925 1041 1976 et
1057 1907 1196 1977 infamia

116 2022 376 2116 objacentibus3
392 2045 585 2109 cernemus,
602 2025 762 2116 inquam,
776 2021 1069 2118 pulchritudinem
1081 2021 1193 2109 illam,

115 2141 272 2231 quamvis
297 2139 436 2209 sordido
462 2139 643 2210 obtectam.
669 2141 802 2209 Rursus
826 2165 923 2232 aeque
948 2133 1136 2208 malitiam⁸
1163 2154 1198 2207 et

114 2256 322 2323 aemmnosi⁹
340 2256 446 2323 animi
467 2271 645 2324 veternum
658 2257 925 2350 perspiciemus,
943 2255 1098 2349 quamvis
1111 2255 1198 2325 mul-

116 2386 168 2438 tus
179 2373 276 2440 cirea
288 2368 485 2440 divitiarum
498 2368 704 2441 radiantium
718 2371 881 2467 splendor
894 2373 1077 2469 impediat,
1092 2385 1127 2440 et
1142 2372 1195 2438 in-

116 2501 270 2556 tuentem
287 2485 370 2556 binc
384 2488 556 2556 bonorum
568 2493 612 2574 ¹⁰,
632 2487 732 2556 illinc
750 2512 949 2582 magnarum
967 2503 1195 2586 potestatum,

114 2707 231 2761 meando
240 2717 292 2758 tres
299 2705 382 2759 Pslst.
391 2705 490 2758 addunt
499 2707 536 2758 τὰ·
551 2703 634 2758 odeo
684 2705 762 2760 'l'bes
773 2707 881 2782 probant
891 2707 1084 2778 obstrigillant,
1092 2706 1110 2760 i.
1118 2725 1141 2759 e.
1151 2705 1199 2760 ob·

113 2785 195 2838 certe!
208 2784 342 2837 omittunt
353 2783 456 2857 plurimi
470 2793 494 2836 et
505 2795 558 2836 sut.
576 2782 634 2835 edd.
684 2797 758 2837 stant.
775 2785 860 2840 Editio
874 2787 978 2859 antique
993 2785 1088 2861 prebet
1099 2787 1199 2856 obsug-

113 2864 169 2919 Sed
181 2884 237 2918 non
256 2863 351 2929 rideo,
363 2882 443 2935 quere
456 2862 569 2936 omiserit
583 2861 636 2914 Ss—
682 2868 791 2935 gillam.
806 2867 896 2920 Rubi.

113 2963 186 2998 nect.
197 2942 311 2997 Reduxi.
326 2940 418 2994 trust.
719 2945 744 2994 5.
765 2941 930 2996 obscuritate
949 2946 1066 2998 retinent.
1085 2943 1200 3000 obscure

152 3018 635 3077 1.Cotrtor..eotunlate.ltsdemssn·
685 3019 781 3094 tulgo;
801 3040 830 3074 ex
849 3021 945 3074 Mureti
959 3021 1063 3094 ingenio
1075 3039 1083 3076 t
1093 3023 1200 3075 obsutus
1214 3077 1224 3096 ι

113 3101 198 3152 tenda
213 3097 318 3171 egregie
329 3096 439 3171 exposite
452 3108 491 3148 ert
501 3095 549 3169 Ep
566 3108 635 3160 xer,
686 3095 823 3150 edittveu.
834 3099 943 3150 etrnssti.
952 3093 1063 3151 Probsvi
1070 3098 1200 3170 conjectu-

112 3180 147 3247 ⁴5
166 3175 309 3248 spllrslrl.
685 3194 742 3226 rem
763 3174 898 3240 Plurimi,
921 3187 950 3230 ut
968 3187 1129 3250 opponantur
1154 3175 1201 3229 ista

148 3278 176 3308 a.
187 3253 330 3321 Suspenso.
344 3249 455 3306 usuarii
467 3251 524 3304 looo
536 3251 565 3303 in
579 3252 638 3303 lor·
687 3252 739 3306 duo
749 3291 755 3318 ,
765 3255 900 3320 splendore
912 3264 936 3305 st
947 3255 1112 3308 obscuritate.
1119 3251 1202 3308 Sctm

110 3354 174 3388 mas
187 3332 299 3386 redacto.
314 3329 405 3383 Ruth.
719 3329 745 3382 6.
760 3329 816 3382 Sed
830 3332 867 3394 si,
885 3331 1145 3400 quemadmodum...
1157 3351 1203 3384 re-

147 3415 178 3466 3.
190 3411 273 3481 δεῖρε.
285 3409 370 3462 Varro
384 3407 415 3460 de
425 3409 454 3458 l..
466 3407 495 3457 l..
508 3405 556 3469 tV,
568 3402 603 3454 36
614 3423 638 3476 p.
684 3413 808 3479 pnrgari,
818 3411 911 3462 sobrios
923 3413 1006 3462 aciem
1014 3446 1023 3476 ,
1032 3422 1078 3462 etr.
1089 3409 1133 3463 Sir
1143 3429 1203 3463 me-

111 3487 429 3564 Sobip.:«l)iis,qnuru
439 3483 640 3538 thesaurisasse
688 3485 764 3538 liores
778 3483 844 3537 libri.
857 3485 947 3560 Vulgo
959 3485 1015 3540 Sed
1025 3489 1205 3558 quemadm...
1245 3512 1248 3518 ·

113 3571 196 3635 dant,
210 3567 304 3639 stipem
315 3564 412 3617 dieunt.
421 3585 436 3611 r
450 3563 489 3616 Cf.
498 3562 540 3614 De
549 3561 639 3614 Bensl.
688 3567 726 3618 sic
736 3575 763 3618 et
774 3584 822 3617 nos
834 3568 924 3620 aciens.
935 3565 1019 3621 Scdw.

112 3651 169 3702 Vll
183 3689 192 3716 ,
204 3667 227 3700 e.
241 3648 258 3712 4
269 3666 278 3710 ;
290 3644 388 3720 lipsius
401 3643 435 3697 sd
447 3641 530 3695 'lariti
543 3639 640 3694 Annal.
723 3663 746 3713 7.
759 3642 854 3695 Etiam
865 3643 1030 3710 bumilitate,
1045 3665 1071 3697 a.
1083 3664 1105 3698 c.
1119 3647 1154 3700 A.
1167 3645 1207 3699 Et

113 3725 198 3789 nv,
214 3727 254 3778 ss.
267 3721 360 3773 Ruit.
689 3721 782 3773 bunut.
793 3719 851 3772 edd.
860 3739 889 3774 cx
899 3721 934 3774 ll.
942 3719 1024 3777 Sata.

149 3809 177 3871 4.
195 3803 392 3871 otsrrtgmm.
405 3800 444 3852 lta
456 3799 541 3872 legere
552 3815 579 3850 se
590 3808 641 3849 trs-
723 3803 747 3854 8.
760 3800 909 3855 Malitiom.
923 3802 1091 3856 Aversionsm
1103 3822 1118 3855 s
1128 3801 1206 3858 bono.

112 3884 155 3935 dit
171 3881 488 3952 Pinciannszreesperunt
496 3877 611 3929 Muretus
618 3887 643 3929 et
691 3879 782 3935 Rubi.

111 3959 228 4030 Lipsius
236 3975 290 4010 une
299 3975 359 4009 cnm
370 3955 513 4009 Gronovio.
526 3954 608 4008 Codd.
618 3966 643 4006 st
723 3978 747 4032 9.
761 3955 932 4010 AErumnosi.
944 3957 1022 4012 blslir
1032 3958 1133 4012 obtecti.
1144 3959 1207 4014 blo-

112 4033 643 4104 Erasm.bebentobsigillentraliiobrti·
691 4055 760 4102 nso,
787 4057 819 4090 ns
850 4037 1056 4090 emendationem
1080 4037 1209 4095 Gronorii

107 4119 238 4184 gittone,
255 4114 439 4184 ossugattane.
456 4111 570 4164 Turseb.
583 4109 644 4162 Ad·-
693 4117 832 4187 oeruginosi
843 4117 969 4190 preferat.
980 4115 1071 4168 trost.

111 4213 190 4247 vers.
201 4190 237 4244 3ο
243 4193 293 4258 ,3,
303 4190 412 4264 pretulit
421 4191 588 4262 obsigittans,
596 4189 614 4244 ἰ
622 4211 644 4244 s.
729 4191 1025 4248 soffrenum-Temere
1033 4194 1159 4248 mmmm
1170 4193 1211 4247 ed.

113 4269 277 4328 occludunt.
295 4269 440 4344 Stephanus
460 4282 485 4324 st
500 4269 607 4325 Gener.
616 4270 645 4324 iu
696 4269 800 4345 Ripont.
810 4270 931 4326 stllnbl.
942 4269 1024 4328 Scbsr.
