2950 4934
350 501 383 570 E
406 499 583 569 thtttts
604 497 840 570 SENECAE.
1101 505 1171 599 449

97 628 287 698 Continentia
306 652 314 689 ε
332 655 348 683 α
365 626 574 710 aeorporead
586 624 737 710 spiritum.
750 651 766 682 s
777 623 854 688 Mox
867 625 899 689 iu
910 629 1038 690 eodem:
1056 655 1071 683 α
1087 627 1171 694 Scito

97 737 164 820 puin
176 733 310 820 profuit,
325 747 358 798 et
370 731 447 797 scito
462 731 533 816 quia
541 732 688 815 prodesse
697 729 803 793 voluit.
814 757 829 786 s
844 727 920 798 llaee
931 733 1076 796 nimirum
1087 735 1173 798 ebri-

100 834 287 907 stianisruum
297 840 392 904 olent.
408 837 478 902 Nee
492 850 598 924 tamen
613 838 749 922 ejusdem
762 837 896 901 hominis
912 838 1030 902 videtur
1044 859 1174 903 consar-

100 947 219 1012 cinatio.
240 945 325 1010 Nam
348 942 500 1030 appendix
527 944 567 1005 de
589 941 800 1007 moderatione
820 941 1006 1027 singularum
1032 945 1177 1010 rirtmnm

100 1055 229 1139 ineptior
242 1065 289 1116 est
302 1051 461 1138 superiore
484 1061 583 1135 parte.
604 1047 714 1135 Capita
731 1051 769 1114 do
791 1051 952 1135 prudentia
966 1051 1175 1132 moderanda,

17 1223 23 1230 .
101 1163 196 1244 deque
209 1155 408 1244 temperantia
423 1168 487 1219 tant
503 1169 592 1219 eraut
609 1155 643 1217 iu
658 1155 883 1240 exemplaribus
896 1155 1001 1233 varia,
1022 1169 1056 1219 ut
1071 1160 1176 1242 palam

102 1283 180 1332 esset
196 1269 228 1331 id
246 1266 343 1332 studio
356 1265 481 1330 lactum.
494 1261 642 1349 Comperi
653 1276 751 1326 totum
763 1284 840 1348 opus
853 1263 933 1328 mire
952 1267 1149 1348 depravatum
1164 1313 1174 1344 ‚

103 1378 155 1440 sed
167 1375 271 1440 codice
284 1373 436 1458 descripta
452 1370 518 1436 lere
534 1371 638 1435 omnia
652 1369 779 1435 restitui.
798 1399 815 1427 »

150 1531 311 1624 Quatuor
321 1529 490 1597 virtutum
501 1524 633 1620 species
645 1525 830 1597 multorum
842 1529 1030 1621 sapientum
1043 1543 1181 1598 senten-

105 1649 162 1717 tiis
180 1641 338 1714 diffinitae
357 1659 457 1725 sunt,
476 1642 604 1736 quibus
621 1643 755 1712 animus
773 1643 943 1714 humuuus
960 1647 1118 1739 componi
1136 1643 1181 1714 ad

103 1761 315 1831 honestatem
325 1761 407 1829 vitu
421 1759 541 1856 possit.
561 1761 690 1829 Harum
708 1759 819 1853 primu
837 1776 889 1828 est
905 1760 1101 1855 prudentia.
1119 1762 1182 1830 Se-

104 1878 216 1951 cunda
234 1877 507 1971 magnanimitas.
529 1877 651 1948 Tertia
672 1877 895 1946 continentia.
923 1878 1055 1972 Quarta
1074 1878 1179 1972 justi-

104 1999 165 2066 tia.
182 1995 333 2088 Singulae
348 1986 411 2072 tibi
426 1994 464 2060 in
478 1991 534 2060 bis
547 1992 670 2060 officiis
684 2015 761 2084 quae
775 1992 919 2062 subsunt
929 2016 1068 2064 unnexae
1080 2011 1178 2080 sunt,

104 2136 148 2183 ue
161 2108 252 2182 bene
267 2123 433 2179 moratum
448 2108 562 2176 uirum
581 2105 749 2178 efficiunt.

504 2273 548 2314 Μ
568 2271 779 2314 rtuonttrtt.

155 2395 325 2489 Quisquis
342 2389 561 2486 prudentiam
577 2391 675 2482 sequi
689 2388 883 2478 desideras,
899 2403 983 2496 ¹tunc
997 2413 1060 2486 per
1077 2395 1184 2462 ratio-

106 2535 187 2581 nem
204 2523 297 2580 recte
313 2507 427 2592 vires,
445 2506 475 2574 si
493 2505 606 2574 omnia
621 2506 717 2598 prius
735 2507 905 2574 existimes
921 2523 956 2574 et
972 2531 1178 2601 perpenses,

105 2645 143 2696 et
159 2624 361 2720 dignitatem
380 2619 485 2690 rebus
506 2644 575 2689 non
597 2644 637 2689 ex
657 2621 818 2713 opinione
836 2619 1040 2706 multorum,
1061 2623 1121 2692 sed
1140 2650 1181 2693 ex

105 2766 227 2812 earum
240 2755 363 2807 natura
376 2738 573 2806 constituas.
590 2739 676 2805 Num
690 2738 780 2805 scire
794 2735 898 2805 debes
912 2738 991 2830 quia
1010 2755 1090 2807 sunt
1105 2765 1182 2833 quae

104 2858 292 2928 videantur
306 2877 380 2924 esse
393 2853 500 2938 bona,
517 2869 553 2922 et
569 2877 638 2922 non
656 2870 747 2922 eunt.
766 2857 810 2922 Et
822 2870 901 2924 sunt
913 2879 987 2948 quae
999 2855 1180 2926 uideantur

104 3001 181 3048 non
193 2975 284 3045 bona
295 2996 382 3057 esse,
397 2987 433 3042 et
444 2987 535 3040 sunt.
545 2971 779 3064 Quaecumque
790 2987 902 3042 nutem
917 2996 956 3041 ex
971 2973 1074 3043 rebus
1087 2991 1181 3044 tran-

106 3089 238 3162 sitoriis
251 3085 403 3182 possides
415 3109 485 3155 non
498 3086 652 3171 mireris,
665 3109 729 3154 neo
738 3109 898 3180 magnum
909 3089 1077 3156 existimes
1090 3091 1182 3182 quod

106 3203 278 3275 onduonm
295 3218 346 3272 est
363 3228 372 3267 z
392 3225 457 3270 neo
480 3198 573 3294 apud
600 3216 633 3268 te
659 3224 734 3293 quae
758 3199 863 3270 habes
888 3197 1047 3296 tanquar'u
1071 3183 1183 3274 aliena

104 3318 283 3400 seruabis,
302 3316 362 3386 sed
379 3340 443 3410 pro
462 3332 496 3384 te
516 3330 674 3408 tanquam
696 3333 754 3385 tua
773 3315 948 3410 dispenses
961 3333 996 3388 et
1011 3322 1129 3390 utaris.
1146 3323 1183 3391 Si

106 3436 329 3532 prudentiam
343 3433 575 3527 amplecteris,
596 3431 726 3525 ubique
739 3433 830 3502 idem
850 3437 941 3520 eris,
962 3453 997 3504 et
1012 3456 1113 3531 prout
1126 3463 1183 3507 re-

107 3577 190 3622 rnm
208 3575 249 3620 ao
264 3567 455 3644 temporum
464 3549 609 3618 varietus
618 3550 738 3642 exigit,
757 3551 1085 3622 itateuoeommodes
1097 3569 1184 3624 tem·

105 3665 212 3760 pori,
233 3687 299 3732 nee
318 3678 352 3732 te
370 3663 408 3731 iu
428 3661 600 3754 aliquibus
613 3678 738 3745 mutes,
759 3661 819 3732 sed
835 3666 949 3757 potius
962 3682 1078 3758 aptes,
1099 3668 1187 3736 sicut

106 3802 235 3850 manus
257 3803 333 3874 quae
350 3779 469 3848 eadem
487 3794 539 3848 eet
561 3803 665 3871 quum
688 3782 724 3847 in
750 3781 894 3872 palmam
915 3780 1133 3870 extenditur,
1152 3802 1187 3852 et

106 3918 222 3987 quum
240 3893 279 3960 in
299 3917 452 3987 pugnum
475 3890 711 3988 adstringitur.
736 3893 918 3962 Prudentis
939 3896 1116 3988 proprium
1137 3913 1188 3965 est

103 4008 310 4079 examinare
325 4009 486 4093 consiliu,
502 4023 537 4077 et
552 4032 621 4076 non
638 4010 706 4076 cito
722 4010 814 4078 sacili
830 4007 1030 4078 credulitate
1045 4011 1089 4079 ad
1107 4011 1188 4081 falsa

103 4121 264 4216 prolabi.
284 4123 336 4193 De
353 4121 468 4190 dubiis
484 4145 552 4190 non
575 4119 746 4204 diffinias,
767 4121 826 4190 sed
851 4146 1046 4216 suspensum
1073 4139 1189 4192 teneas

103 4241 332 4310 sententium.
355 4239 450 4310 Nihil
472 4241 685 4332 inexpertum
707 4239 874 4325 affirmes,
901 4241 982 4332 quia
1004 4265 1072 4310 non
1091 4266 1191 4312 omne

290 4363 350 4430 lv.
1013 4388 1060 4455 29
