2950 4934
284 388 328 472 34
584 383 624 448 L.
650 375 825 446 ANNAEI
849 373 1065 446 squcAE

284 517 434 584 vicinum
448 511 503 582 rel
518 511 628 606 pretio
641 506 747 603 pellat
764 508 842 574 aeris
854 511 879 588 ¹,
895 506 949 574 vel
964 507 1109 600 iujuris3
1125 507 1206 577 licet
1222 509 1259 576 in
1278 533 1365 602 pro-

283 633 474 702 vinciarum
497 628 640 722 spatium
667 647 749 692 rurs
773 623 910 706 dilatet,
932 639 967 691 et
990 626 1235 720 possessiouem
1263 644 1362 696 vocet

240 723 244 732 ¹
283 769 347 840 per
360 749 444 814 sus²
461 742 597 834 longum
609 739 921 832 peregrinationem
940 763 948 802 :
964 737 1058 806 nulla
1072 761 1133 806 nos
1147 737 1268 806 finium
1281 763 1362 832 prn-

233 931 244 956 ·.
283 862 421 956 pagetio
439 881 481 926 eo
499 855 662 938 reducet,
686 851 780 922 unde
799 851 1027 921 discessimus.
1049 853 1166 946 Quum
1188 854 1300 922 omnia
1314 854 1363 922 fe·

284 977 452 1057 cerimus,
483 971 627 1042 multum
653 969 854 1040 habebimus
880 996 889 1035 z
912 969 1110 1038 universum
1135 969 1357 1039 hsbebsrnus.

283 1095 393 1160 Terru
413 1077 508 1184 ipso³
529 1086 674 1156 fertilior
696 1103 771 1154 erat
793 1084 991 1169 illaborate,
1013 1101 1047 1154 et
1064 1086 1101 1155 in
1123 1109 1203 1154 usus
1217 1085 1361 1180 populo·

228 1232 260 1298 p,
285 1234 361 1278 rum
380 1231 449 1278 uon
469 1205 705 1300 diripientium
729 1203 836 1296 largn.
867 1199 1051 1294 Quidquid
1069 1217 1192 1272 ustura
1209 1204 1361 1297 protule-

285 1343 359 1411 rat,
384 1325 421 1393 id
438 1347 505 1393 non
521 1323 633 1392 miuus
651 1321 843 1401 invenisse,
861 1342 963 1410 quern
978 1321 1154 1388 inventurn
1169 1336 1360 1390 monstrare

284 1444 407 1524 alteri,
425 1441 581 1534 voluptas
601 1453 696 1524 emt3
716 1459 781 1504 nec
796 1436 858 1504 ulli
875 1451 934 1505 sut
953 1460 1116 1530 superare
1129 1453 1279 1531 poterut,
1300 1456 1361 1507 sut

285 1561 402 1629 deesse
420 1585 429 1625 ι
445 1559 537 1625 inter
558 1551 744 1624 concordes
766 1550 996 1619 dividebatur.
1016 1551 1175 1621 Nondum
1191 1553 1361 1622 volentior

285 1679 492 1768 imposuerat
507 1669 689 1748 infirmiori
707 1691 865 1752 manum,
886 1665 1037 1736 nondum
1051 1691 1195 1755 avarus,
1214 1669 1360 1738 sbscon-

285 1789 398 1860 dendo
417 1787 509 1882 quod
530 1786 596 1856 sibi
613 1778 784 1879 jeceret⁴,
806 1784 911 1854 olium
932 1787 1134 1854 necessariis
1150 1809 1287 1878 quoque
1305 1811 1361 1856 es-

228 1928 257 1993 t·
284 1907 432 1976 cluserat
445 1931 453 1972 ι
466 1928 530 1998 por
542 1918 616 1972 emt
628 1901 781 1981 ulterius,
795 1923 836 1968 ac
850 1901 923 1982 sui,
939 1925 1034 1969 cure.
1051 1902 1154 1971 Arma
1167 1903 1356 1986 cessabant,

285 2026 538 2113 incruentoeque
563 2019 712 2087 humano
739 2018 905 2110 sunguine
928 2041 1047 2088 monus
1070 2019 1185 2089 odium
1203 2043 1303 2089 omne
1322 2023 1360 2088 in

285 2140 375 2208 ierus
397 2151 582 2208 venerunt.
604 2133 660 2204 Illi
670 2183 681 2218 ,
705 2157 793 2226 quos
812 2129 953 2225 aliquod
964 2157 1085 2203 neruus
1097 2133 1240 2205 densum
1254 2160 1274 2205 s
1287 2137 1360 2204 sole

286 2269 495 2349 protexerat,
521 2253 581 2345 qui
600 2248 764 2319 adversus
783 2250 945 2319 saevitism
961 2249 1085 2320 hiemis
1097 2267 1156 2320 sut
1168 2251 1288 2319 imbris
1297 2253 1360 2319 vili

286 2369 502 2463 receptaculo
525 2369 588 2435 tuti
612 2367 676 2436 sub
696 2365 819 2434 fronde
834 2363 1183 2460 vivebonteplscidss
1195 2370 1363 2462 transige·

286 2487 369 2557 bont
391 2488 464 2558 sine
487 2485 633 2578 suspirio
656 2499 786 2552 noctes.
804 2483 1004 2553 Sollicitudo
1023 2507 1084 2552 nos
1099 2486 1136 2554 in
1149 2503 1264 2555 nostro
1276 2510 1362 2579 pur·

286 2733 346 2776 vett.
358 2723 377 2775 i.
388 2743 410 2776 e.
421 2722 517 2795 agitne
527 2741 566 2782 se,
581 2732 607 2772 et
620 2737 715 2791 magno
726 2727 800 2772 motu
848 2731 902 2770 eret
914 2718 993 2772 Pelet.
1006 2720 1088 2773 tertio.
1100 2721 1214 2795 lipsius:
1223 2741 1261 2776 eo:
1270 2725 1310 2777 es‘s
1319 2726 1363 2778 vel

287 2800 417 2864 laborars;
429 2820 481 2870 quo
494 2819 570 2852 sensu
583 2818 648 2872 serpe
664 2815 800 2854 concurso·
848 2799 931 2850 terris.
942 2797 1148 2872 Vulgatatanren
1157 2801 1217 2854 ferri
1224 2815 1312 2876 potest.
1324 2805 1363 2858 Ii.

287 2881 382 2931 tionem
395 2877 458 2932 dixit
470 2877 579 2944 Noster,
591 2891 620 2930 ut
635 2877 698 2949 Epp.
714 2891 762 2935 111,
777 2889 801 2929 ct
849 2871 981 2926 -Pettat
992 2877 1066 2936 oeris,
1082 2891 1109 2930 ut
1122 2875 1185 2932 iude
1197 2879 1229 2933 eb
1240 2881 1280 2936 ed,
1292 2883 1361 2936 ven.

287 2969 346 3009 xvn
357 2993 365 3023 ,
377 2955 422 3008 nbi
431 2955 637 3009 cemseo'oms
646 2954 804 3008 dioiwmed
849 2953 978 3026 vulgatur,
988 2968 1055 3009 recte
1064 2977 1111 3012 ms.
1120 2980 1141 3014 e·
1150 2962 1181 3012 ln
1188 2961 1225 3013 A.
1235 2963 1304 3017 deest
1312 2986 1365 3036 po-

288 3035 396 3087 dioitias
407 3037 531 3088 euntium.
550 3034 610 3104 Quo
632 3033 716 3085 minus
738 3052 803 3104 opus
850 3033 940 3088 sterius
957 3034 1045 3088 veuls.
1060 3036 1158 3090 Vitiose
1173 3039 1225 3094 duo
1240 3041 1317 3095 rerba
1333 3045 1363 3096 io

288 3121 342 3162 erat
356 3128 482 3164 occanere
499 3129 529 3164 ex
544 3131 598 3164 uno
608 3121 653 3164 aut
662 3109 742 3162 sltero
754 3129 803 3162 co·
851 3131 932 3165 unum
944 3126 1071 3170 contracta
1082 3130 1141 3171 sunt
1152 3118 1179 3172 iu
1188 3141 1233 3174 ms
1246 3143 1273 3174 a.
1282 3137 1307 3176 et
1320 3125 1364 3179 cd,

289 3187 344 3241 dice
355 3187 458 3242 Gruteri
468 3187 606 3241 adsciscere
617 3228 625 3256 ,
638 3187 707 3258 quod
716 3186 802 3240 nunt.
851 3189 888 3242 lt
899 3189 980 3244 Seder-

288 3264 435 3318 laciendum
446 3264 495 3318 sibi
513 3265 618 3339 putavit.
632 3263 662 3317 S.
674 3293 707 3306 -
717 3263 803 3317 Rehk.
886 3290 910 3322 s.
928 3269 984 3326 Per
996 3290 1058 3326 suo.
1076 3275 1210 3350 Perpetem
1225 3279 1304 3353 vulgo
1313 3302 1367 3350 per

288 3342 399 3395 diversas
416 3340 498 3394 edidit
516 3341 599 3416 script
616 3341 674 3395 lect.
688 3361 695 3396 ι
711 3343 803 3414 Margo
851 3367 947 3413 suem,
967 3351 1037 3421 quod
1055 3362 1083 3406 et
1100 3354 1212 3427 primurn
1229 3357 1257 3410 iu
1275 3378 1364 3414 urs-a.

288 3422 364 3474 unius
375 3421 432 3474 cod.
441 3439 580 3492 congerere.
589 3421 690 3496 Lipsius
700 3421 800 3474 emend.
848 3428 947 3493 lueret,
961 3429 1005 3482 sed
1019 3429 1092 3486 litera
1105 3454 1134 3486 m
1150 3434 1224 3489 obelo
1244 3437 1365 3494 usualixa

287 3517 431 3552 converrere
447 3517 455 3551 :
472 3497 618 3552 Gronovius
635 3501 800 3568 conquirere,
850 3505 882 3559 sb
895 3505 985 3560 cedern
996 3527 1082 3563 mauu.
1093 3509 1175 3566 Schw.

288 3575 334 3646 qui
350 3587 434 3628 umen
453 3587 477 3628 et
494 3594 622 3629 occurrere
644 3575 742 3650 probat.
760 3576 801 3629 De
883 3580 907 3635 3.
922 3583 1004 3639 Terre
1015 3588 1101 3655 ipse...
1113 3591 1256 3644 illaborate
1267 3612 1276 3645 r
1286 3607 1365 3667 auget

288 3655 499 3710 circumcursione
511 3655 616 3724 sedula,
626 3662 802 3729 eeloepeypo-
850 3661 932 3734 mugio
944 3683 1022 3733 quam
1035 3681 1130 3738 pocta,
1146 3669 1193 3739 qui
1207 3669 1363 3724 fertilitatem

288 3732 594 3807 cispintelligasdiudlr.
849 3740 1032 3813 predicantes,
1057 3765 1111 3800 uon
1131 3748 1278 3822 deprimunt
1295 3752 1365 3811 dili-

325 3831 346 3864 ι.
364 3813 413 3866 ret
423 3815 506 3881 pretio
517 3814 601 3882 pellet
611 3815 678 3864 ceris.
693 3811 800 3866 Erosmo
848 3817 961 3888 gentiam
974 3819 1108 3876 cultorum.
1126 3823 1202 3878 cent
1224 3827 1364 3883 Moschion

287 3891 403 3956 debetur,
413 3892 628 3961 quitamenarus's
636 3889 800 3962 conjiciebat,
850 3894 1223 3969 StobaeiEelpadaeddleer.
1235 3908 1366 3962 «Hilaro

287 3969 356 4042 unde
368 3989 382 4022 e
394 3969 494 4022 Mureto
511 3971 605 4022 lactum
619 3972 700 4042 egris.
716 3965 800 4022 Codd.
849 3984 939 4045 καρποῦ
961 3978 1039 4044 βῧλος
1057 3981 1157 4048 &mles
1178 3986 1264 4054 speeie
1283 4007 1297 4034 a
1316 3988 1365 4041 rel.

288 4049 383 4103 hebent
393 4053 459 4112 eris,
472 4067 538 4102 nnus
550 4049 625 4118 τίω,
641 4049 709 4103 nude
725 4049 800 4104 Grut.
850 4051 939 4106 nult.

288 4126 394 4182 secitex
407 4128 457 4192 luis,
468 4127 598 4200 quomodo
612 4139 636 4180 et
648 4127 801 4200 adscriptum
830 4190 834 4204 ι
883 4134 906 4198 ζ.
925 4131 1006 4205 Quod
1020 4135 1072 4188 stet
1080 4138 1188 4206 jaceret.
1203 4140 1325 4200 Siueueu
1338 4160 1365 4198 et
