2950 4934
405 478 671 550 EPISTULA
694 476 863 547 cxvn.
1110 476 1175 569 293

103 610 190 679 rale¹
213 604 377 703 quiddam
403 606 654 702 intelligimus:
676 631 783 700 quum
806 606 971 691 dicimus,
992 603 1109 697 Sapit,
1133 605 1177 673 de

102 751 240 826 corpore
255 726 442 821 loquimur.
455 724 646 796 Plurimum
659 740 773 793 autem
783 724 944 812 interest,
960 738 1075 794 utrum
1085 726 1177 791 ilium

104 842 232 930 dicas¹,
247 868 292 917 an
305 842 349 911 da
361 846 432 910 illo.

145 963 307 1030 Putemus
324 960 361 1027 in
375 960 575 1052 prasentia,
589 953 666 1029 'ista
689 961 755 1028 duo
772 984 847 1029 esse
868 956 1043 1056 (nondum
1059 960 1175 1043 enim,
1206 957 1236 1025 ¹l

103 1078 184 1171 quid
199 1075 285 1146 mihi
298 1075 468 1163 videatur,
485 1072 695 1172 pronuntio)
711 1104 719 1145 ε
736 1077 822 1172 quid
838 1075 1019 1171 prohibet,
1035 1102 1103 1169 quo
1115 1078 1179 1145 mi·

102 1218 163 1261 nus
177 1193 272 1260 alind
288 1192 427 1285 quidem
442 1193 505 1276 sit,
527 1190 588 1261 sed
606 1193 847 1285 nihilominus
865 1191 1016 1261 mnam?
1033 1192 1179 1262 Dicebas

101 1308 202 1401 paulo
225 1322 326 1391 ante,
352 1307 546 1379 aliudesse
572 1332 718 1403 agium,
747 1306 864 1393 aliud,
891 1303 1022 1379 habere
1041 1333 1175 1403 agium.

101 1422 259 1516 Quidni?
271 1422 309 1490 in
321 1418 389 1490 alia
398 1422 491 1492 enim
505 1438 627 1491 natura
638 1440 708 1510 est,
721 1425 784 1518 qui
797 1422 921 1511 habet,
936 1423 1070 1507 inalia,
1086 1424 1180 1515 quod
1274 1420 1279 1437 ¹

100 1536 270 1605 habetur:
287 1536 347 1607 illa
362 1554 454 1607 terta
467 1554 537 1622 est,
556 1538 615 1608 hic
627 1540 730 1608 homa
743 1554 807 1608 est.
824 1540 871 1610 At
882 1542 919 1609 in
932 1530 1039 1627 hoe',
1055 1539 1181 1631 dequo

99 1654 235 1749 agitur,
254 1654 408 1751 ejusdem
427 1674 558 1727 naturae
575 1673 654 1726 sunt
671 1674 837 1752 utraque,
861 1671 896 1725 at
918 1656 978 1749 qui
995 1655 1100 1724 habet
1116 1655 1180 1723 Sa·

102 1772 289 1864 pientiam,
308 1773 449 1867 etipsa,
466 1796 543 1867 quae
559 1772 718 1842 habetur.
737 1774 904 1843 Praeterea
918 1771 993 1840 illic
1004 1769 1099 1839 aliud
1109 1785 1177 1853 est,
1208 1784 1238 1836 ιε

100 1884 196 1979 quod
214 1887 381 1976 habetur,
405 1887 512 1975 alius,
530 1888 591 1983 qui
609 1887 716 1959 habet
734 1916 743 1959 :
768 1890 828 1959 hie
853 1886 1033 1960 ineodem
1053 1904 1124 1971 est,
1147 1906 1192 1957 et.

99 2001 199 2095 quod
214 2002 381 2091 habetur,
404 2007 518 2100 etqui
537 2002 655 2075 habet.
676 2004 771 2099 Ager
787 2005 868 2101 jure
885 2002 1105 2099 possidetur,
1122 2027 1182 2071 sa-
1245 1990 1254 2004 ⁹

98 2121 233 2214 pientia
251 2136 371 2190 natura
385 2147 394 2190 ι
408 2120 466 2191 ille
480 2120 669 2223 abalienari
686 2136 804 2218 potest.
814 2137 850 2190 et
866 2119 967 2190 alteri
985 2104 1091 2208 tradi3
1105 2120 1181 2189 haee

98 2260 169 2307 uon
185 2236 336 2308 discedit
352 2262 372 2307 a
389 2236 542 2308 domino.
563 2241 642 2308 Non
660 2254 711 2307 est
731 2238 868 2333 itaque,
891 2234 990 2330 quod
1007 2258 1182 2329 compares

99 2354 194 2423 inter
206 2378 244 2423 se
258 2350 449 2425 dissimilia.
466 2356 642 2452 Coeperam
657 2354 791 2441 dicere,
810 2378 910 2449 posse
928 2355 991 2423 ista
1005 2354 1071 2421 dato
1086 2377 1182 2437 esse,

97 2488 131 2541 et
159 2488 278 2541 tamen
297 2489 443 2567 utraque
461 2472 552 2544 hona
576 2498 585 2542 ε
606 2488 769 2566 tanquam
784 2486 819 2541 et
831 2471 1007 2565 Sapientia
1019 2464 1048 2556 ⁴,
1071 2487 1106 2541 et
1122 2473 1182 2543 sa-

96 2588 200 2680 piens
221 2586 401 2671 duosam,
421 2603 457 2657 et
473 2601 658 2682 utrumque
670 2586 799 2659 bouum
812 2611 886 2657 esse
899 2586 1069 2656 concedis.
1087 2586 1183 2682 Quo·
1210 2602 1241 2656 ιθ

96 2702 204 2775 modo
222 2703 312 2773 nihil
325 2704 453 2789 obstat,
473 2728 542 2800 quo
559 2705 671 2773 minus
685 2720 720 2773 et
737 2705 906 2800 sapientia
921 2700 1051 2775 bonum
1066 2706 1129 2789 sit,
1147 2721 1191 2775 et

95 2819 234 2889 habens
251 2820 471 2913 sapientiam
485 2820 637 2889 sicnihil
651 2820 779 2905 obstat,
794 2846 862 2915 quo
874 2822 989 2891 minus
1000 2838 1036 2891 et
1046 2823 1183 2916 sapien-

96 2940 145 3007 tia
163 2936 376 3022 bonumsit,
394 2952 429 3005 et
443 2935 571 3006 habere
586 2939 807 3032 sapientiam,
824 2937 862 3005 id
873 2956 943 3027 est,
964 2962 1097 3033 sapere.
1109 2942 1182 3033 Ego

96 3056 132 3122 in
149 3052 466 3148 hoa-volosapieus
479 3077 574 3138 esse,
594 3069 633 3122 ut
649 3056 791 3148 sapiam.
811 3054 908 3147 Quid
920 3056 1030 3149 ergo?
1045 3078 1116 3124 non
1131 3071 1184 3123 est

96 3170 133 3240 id
158 3170 312 3256 bonum,
331 3171 489 3264 sineque
504 3195 569 3241 nec
587 3171 675 3239 illud
690 3172 821 3240 bonum
836 3174 911 3241 est?
928 3175 997 3241 Vos
1019 3189 1111 3241 certe
1129 3173 1187 3241 di·-

95 3288 200 3373 eitis,
220 3287 453 3381 Sapientiam„
480 3287 508 3354 si
533 3288 606 3355 sine
628 3309 693 3354 usu
712 3284 835 3369 detur,
857 3286 1091 3379 accipiendam
1111 3314 1188 3359 non-

94 3426 187 3472 asse.
214 3401 306 3497 Quis
323 3417 375 3470 est
398 3426 478 3471 usus
497 3403 694 3496 sapientiae?
714 3404 842 3496 Sapere
865 3428 873 3469 z
896 3403 962 3471 hoc
984 3418 1037 3471 est
1062 3404 1099 3471 in
1123 3404 1183 3473 illa

96 3518 385 3614 pretiosissimum
395 3546 406 3605 ς
418 3542 486 3611 quo
496 3516 665 3603 detracto,
679 3519 952 3613 supervacuam.
963 3520 1000 3590 si
1014 3535 1183 3590 tormenta
1211 3551 1243 3605 ιγ

97 3731 177 3785 gree.
193 3710 284 3766 lineis.
295 3711 336 3764 Cl-
353 3712 419 3766 Sext.
436 3712 512 3787 Emp.
529 3712 621 3786 Pyrrh.
705 3712 730 3765 3·
744 3714 784 3767 At
794 3717 823 3766 in
834 3714 881 3768 ltac
897 3717 931 3767 de
945 3735 1046 3784 qua...
1064 3714 1185 3769 beheim.

96 3792 138 3857 ll,
148 3788 193 3854 84
205 3788 295 3864 Vulgo
305 3791 424 3843 ediciam.
434 3789 516 3845 Salen·
671 3790 739 3846 Nam
747 3791 870 3864 sapientia
879 3803 915 3844 est
924 3810 997 3845 tasas
1007 3793 1131 3863 perlecta,
1142 3793 1184 3845 vel

133 3884 156 3918 ι.
175 3868 321 3935 Corporale
334 3869 464 3937 quiddam
479 3880 543 3919 reete
563 3888 586 3921 a.
601 3888 621 3922 c.
671 3869 704 3921 ad
720 3888 851 3922 tammum
869 3869 1043 3943 optimumque
1057 3872 1184 3943 perducta.

94 3944 133 3999 li.
144 3946 187 3999 A.
200 3944 289 4010 (conl.
300 3944 368 3997 Sext.
381 3944 399 3997 l·
416 3964 439 3998 e.
448 3948 468 4009 ).
484 3945 621 4019 Perpetem
670 3944 713 3999 Cl'.
724 3946 748 4016 §.
765 3968 801 4002 tt.
815 3948 906 4001 liniti.

94 4023 270 4093 incorporale
279 4022 373 4095 vulgo,
387 4022 447 4076 inde
458 4022 490 4077 als
500 4025 539 4077 ed.
552 4024 622 4077 Tar·
703 4027 728 4091 4.
750 4026 891 4096 Tanquam
912 4037 939 4079 et
952 4025 1118 4097 Sapientia,
1138 4041 1187 4085 ete.

95 4104 143 4155 sis.
159 4100 249 4155 Sciam
544 4097 546 4104 ’
669 4102 771 4175 Vulgo,
782 4101 925 4171 Sapientia
934 4108 1089 4174 etsapiens,
1102 4118 1150 4159 ete.
1160 4121 1185 4160 et

129 4202 154 4233 2.
162 4180 257 4232 luam
264 4180 346 4233 dicas.
355 4180 462 4236 Temere
469 4182 539 4235 iliud
547 4182 620 4237 dicas
670 4180 764 4233 desunt
774 4180 826 4233 duo
836 4180 920 4255 priora
929 4184 1014 4235 verbs.
1025 4182 1064 4236 Fa
1076 4186 1185 4253 sapien·

93 4258 179 4332 vulgo
196 4254 257 4309 edd.
270 4256 352 4313 Setia.
670 4263 708 4312 tia
718 4296 726 4325 ,
738 4272 783 4311 ete.
796 4259 889 4331 absque
898 4271 1042 4330 tanquam,
1056 4261 1132 4317 habet
1143 4262 1185 4314 ed.
