2950 4934
235 460 477 555 PHYSllOL.
506 461 761 533 STOICOR.
788 464 886 532 LIB.
910 464 985 533 111.
1082 468 1146 537 633

83 617 109 664 ot
124 603 293 686 philosopha
316 606 415 665 lustro.
438 605 541 679 Tunc,
564 618 599 665 ut
619 605 698 688 apud
716 618 747 665 tc
765 605 867 681 fatear,
883 607 994 667 libellos
1011 610 1104 685 istos,
1121 622 1151 671 ct

81 708 172 790 siquid
181 732 199 768 a
208 732 255 770 mc
268 712 300 769 in
316 710 462 791 publicum
475 722 588 786 manat,
604 710 665 772 fere
678 712 810 793 concipio
825 724 875 773 aut
887 712 1007 794 dispono
1021 736 1030 773 a
1046 726 1075 775 ct
1083 716 1150 796 styli

81 837 212 895 operam,
223 838 313 898 quum
326 815 443 877 domum
453 816 526 877 rodii
538 860 547 891 ,
559 816 646 877 addo.
658 816 802 893 Quorsum
817 840 870 902 ego
881 819 953 879 ista?
968 833 1001 879 ut
1014 820 1065 881 tihi
1078 843 1151 903 quo-

80 944 263 1004 qncpmcam
274 966 284 997 ,
296 935 325 992 et
336 923 383 984 vel
397 924 473 983 inter
485 923 584 990 turbas
595 925 724 1005 quietum
736 946 798 985 csse
809 924 944 987 suadeam
956 950 964 998 ;
977 928 1054 987 inter
1064 949 1151 989 occu-

80 1030 205 1109 pationes
216 1028 360 1089 forianum.
373 1029 452 1090 Sicut
463 1028 593 1089 medicus
602 1030 677 1091 inter
685 1052 789 1113 agros,
806 1032 867 1091 sine
881 1008 966 1091 sensu
976 1032 1067 1091 morbi
1082 1034 1154 1107 sui,

80 1138 164 1217 agitat
177 1158 186 1194 t
202 1138 243 1196 sic
258 1137 335 1196 inter
349 1148 501 1219 nugatores
514 1138 603 1211 serii,
619 1138 695 1199 inter
708 1160 797 1198 vanos
811 1160 911 1221 graves
923 1160 984 1199 csse
999 1160 1146 1201 conemur.

80 1242 240 1323 impediant
250 1264 303 1301 nos
313 1242 448 1317 fortasse,
460 1265 519 1302 non
531 1224 653 1304 mutent.
670 1245 734 1303 Ate
745 1288 754 1317 ‚
765 1245 895 1326 inquam,
907 1268 967 1307 non
977 1244 1062 1305 abeas
1074 1268 1083 1304 ι
1098 1258 1149 1307 aut

79 1349 171 1408 statim
185 1360 262 1409 corte
276 1347 313 1407 ad
326 1360 356 1414 tc
369 1347 454 1419 redi;
471 1347 509 1407 ad
522 1360 571 1422 tc,
587 1348 617 1407 id
633 1361 692 1424 ost,
708 1348 744 1409 ad
759 1350 989 1433 philosophiam,
1013 1364 1041 1411 ct
1061 1353 1149 1413 animi

79 1452 157 1513 illum
172 1454 337 1514 interiorem
350 1454 470 1513 cultum.
487 1452 565 1513 Huic
585 1474 687 1515 vacare
700 1452 793 1537 (nihil
807 1455 946 1539 excuses)
960 1458 1045 1517 etiam
1060 1479 1149 1538 quum

78 1582 134 1619 non
147 1581 256 1634 vacas,
272 1560 349 1619 licet.
366 1561 403 1618 At
418 1580 472 1641 ego
493 1580 570 1619 nunc
590 1558 663 1635 tibi,
680 1561 768 1622 immo
782 1561 852 1622 mihi
873 1585 881 1621 ι
898 1565 1056 1623 communis
1072 1566 1148 1623 enim

78 1687 122 1725 ms
136 1666 278 1742 dicenda,
296 1665 409 1726 etmihi
424 1686 539 1747 quoqne
554 1664 691 1727 discenda
705 1680 764 1741 est,
784 1667 862 1749 Quid
875 1670 914 1735 sit
930 1669 1035 1729 homo.-
1050 1671 1080 1729 in
1091 1692 1148 1751 qua

77 1772 195 1847 notitia,
217 1771 268 1831 illa
290 1774 377 1831 ctiam
396 1772 451 1832 Dei
474 1783 503 1831 ct
516 1771 639 1835 Virtutis
653 1770 714 1832 lere
737 1785 780 1833 est
802 1772 923 1833 inclusa⁴
945 1774 1018 1834 Nam
1035 1775 1071 1835 do
1085 1778 1148 1857 ipso

77 1873 155 1948 Deo,
169 1888 231 1937 tum
246 1876 284 1939 dc
297 1876 422 1947 Mundo,
440 1877 558 1951 utscis,
576 1877 701 1937 diximus
713 1901 722 1936 ι
736 1877 840 1939 Mundi
854 1881 942 1962 igitur
951 1882 1148 1961 prastantissi·

77 2003 154 2045 mum
171 1984 256 2045 homo
267 1984 406 2065 sequitur,
424 2004 512 2064 quom
525 1984 700 2059 lustremus,
717 1996 747 2043 et
760 1986 791 2044 in
806 2006 840 2045 co
853 2006 905 2045 nos
920 1984 1102 2046 illustremus.

414 2180 730 2252 olssssu‘tutlo
761 2182 807 2244 ΙΙ.

140 2344 294 2405 Hominem
302 2366 421 2426 parvum
430 2343 568 2404 Mrmdimi
578 2366 637 2405 esse
648 2367 659 2404 .·
669 2353 698 2404 ct
707 2344 825 2405 breviter
833 2344 894 2425 ejus
904 2346 1080 2426 prastmiti'tr.

112 2534 191 2597 suu
207 2548 302 2595 autem
315 2536 410 2595 statim
423 2555 441 2593 a
453 2532 580 2603 Minnio,
597 2531 669 2613 quid
678 2532 755 2592 onim
767 2530 846 2592 aliud
855 2532 917 2612 ipse
928 2531 1043 2605 Homo,
1059 2552 1145 2613 quum

71 2661 176 2719 pmvus
185 2641 303 2723 quidem
317 2642 468 2702 Mrmdzoe?
478 2640 562 2701 Philo
574 2640 711 2713 Judaeus,
726 2652 760 2699 ut
773 2639 1077 2713 communcyerhum,
1092 2660 1144 2699 rc-

73 2744 238 2828 tulit(Quis
247 2744 337 2806 divin.
347 2747 451 2805 action.
463 2743 579 2826 hcrcs);
594 2772 609 2799 α
622 2742 890 2804 Parvummundum
900 2742 1056 2803 Hominem
1063 2764 1144 2814 essc;
1233 2728 1234 2735 ἵ

72 2872 211 2933 magnum
224 2850 401 2925 Hominem,
425 2849 579 2911 Mundum.
601 2878 615 2905 υ
631 2850 795 2917 Macrobius
810 2850 907 2924 idom,
931 2849 1050 2909 totidem
1064 2868 1145 2929 paeno

71 2958 169 3017 verhis
182 2956 233 3039 (ll
249 2958 280 3017 in
295 2957 394 3018 Somn.
410 2978 475 3038 cap.
499 2955 578 3040 ro)2
596 2984 610 3011 ι
625 2956 741 3038 Physici
756 2956 898 3017 Mundum
912 3001 920 3030 ‚
934 2976 1070 3039 magnum
1080 2955 1146 3015 Ho-

70 3064 182 3123 minem
195 3061 331 3123 dixeruut
344 3086 353 3133 ς
367 3074 397 3123 ot
410 3062 574 3137 hominem
590 3063 706 3123 brevem
722 3062 877 3123 Mundum.
891 3090 906 3117 ιι
921 3062 998 3137 Quid
1008 3061 1064 3122 ita?
1078 3062 1146 3143 quia

70 3182 103 3228 ut
117 3170 170 3230 ille
183 3181 322 3230 rectorem
335 3169 367 3228 in
387 3191 419 3229 sc
439 3169 659 3245 Deum-habet,
680 3172 722 3229 sic
744 3169 830 3229 homo
855 3170 983 3231 divinum
1005 3170 1142 3229 animum.

69 3276 149 3352 Quid
166 3278 288 3358 amplius
299 3276 312 3335 l
323 3278 419 3336 omnia
432 3297 494 3357 quae
506 3275 655 3350 Mundus,
671 3276 732 3346 l'crc
745 3275 832 3339 habet
844 3299 852 3334 ι
867 3288 989 3359 quatuor
1001 3277 1032 3336 in
1043 3297 1074 3337 se
1085 3276 1147 3336 clo·

44 3439 48 3447 .
69 3396 169 3445 monta
182 3408 191 3455 ς
206 3384 307 3465 capitis
322 3381 466 3463 quoddam
482 3381 602 3453 oaelum3
618 3382 650 3441 iu
665 3403 699 3441 co
714 3380 892 3443 flammantes
902 3381 1017 3454 oculos,
1030 3393 1062 3441 ut
1076 3381 1145 3443 stel-

66 3490 109 3550 las
125 3513 135 3549 ε
152 3492 246 3571 ipsam
259 3487 379 3548 formum
393 3486 566 3563 rotundam,
582 3487 629 3547 vel
640 3489 671 3547 iu
690 3489 790 3547 matris
803 3488 906 3559 utcro3
922 3487 968 3547 vel
981 3488 1039 3567 jam
1052 3485 1142 3561 liber,

66 3618 160 3677 quum
167 3595 285 3657 brachia
295 3607 324 3655 et
333 3594 422 3676 pedes
432 3592 581 3676 expandit.
593 3592 687 3653 Linon
697 3595 775 3653 cuim
785 3594 821 3653 ah
832 3594 967 3653 ontromis
974 3591 1031 3651 illis
1039 3591 1141 3667 ductae,

65 3701 180 3763 faciunt
191 3704 299 3782 justum
309 3700 370 3762 lero
382 3700 492 3779 orhcm.
509 3698 605 3775 Quid,
618 3699 697 3781 quod
710 3701 806 3760 omnia
821 3722 883 3782 quae
894 3702 923 3759 in
936 3698 1046 3759 Mundo
1056 3711 1140 3772 sunt,

66 3809 131 3889 ipsc
147 3810 294 3882 continet,
311 3820 341 3868 et
354 3806 495 3887 incapaci
509 3805 559 3865 illa
573 3817 670 3865 monte
685 3804 800 3887 gestat?
815 3806 854 3865 ita
871 3817 914 3864 est
931 3829 939 3863 t
959 3805 1035 3865 solus
1056 3804 1141 3864 homo

55 3916 218 3976 scientiam
241 3914 371 3975 omnium
393 3925 422 3971 ct
435 3918 531 3984 amat,
548 3922 578 3971 ct
590 3934 643 3992 pro
663 3923 750 3991 captu
763 3909 860 3971 hahet.
877 3910 954 3987 Quid
969 3913 995 3970 ei
1014 3911 1142 3973 clausum

64 4031 110 4079 cst
123 4043 132 4092 3
145 4020 229 4081 calos
243 4030 396 4103 penetrat,
412 4031 442 4105 ct
455 4017 549 4077 Deum
563 4039 598 4077 ac
612 4016 710 4077 divina
727 4032 823 4080 mento
835 4017 905 4097 adit.
924 4018 1060 4079 Manilius
1071 4019 1141 4077 scite

60 4124 139 4205 (Ιῶ.
159 4126 220 4211 lv)
236 4152 245 4186 ι

263 4256 270 4269 ·
374 4266 464 4283 ......
477 4228 902 4299 quumm,mmuunuum
