2950 4934
298 431 365 516 354
564 429 634 497 u.
661 428 836 497 ANNAEI
861 428 1074 500 sunnon

347 582 407 648 llae
419 600 519 647 voces
536 599 604 645 non
623 575 724 675 aliter
743 575 915 671 fugiendae
933 594 1033 663 sunt,
1051 602 1152 671 quarn
1170 578 1275 665 illae',
1293 604 1380 672 quas
1457 623 1458 660 ;

243 722 270 757 ιτ
298 697 459 790 Ulysses,
485 694 552 762 niti
578 693 777 788 alligetus²,
805 694 1012 787 praetervehi
1031 694 1154 764 noluit.
1176 696 1272 765 Idem
1293 722 1380 791 pos-

299 826 379 879 cunt
397 836 404 877 :
420 808 597 877 abducunt
610 831 630 876 a
644 810 774 901 patria,
790 809 1043 901 aparentibus,
1059 809 1251 891 chemicis,
1268 836 1290 881 a
1300 814 1380 881 vir-

300 927 451 1011 tutibus,
480 942 515 995 et
540 928 577 994 in
601 942 735 1021 turpem
762 928 867 994 vitum
894 928 1035 995 miscroe
1061 930 1195 1022 turpius
1219 929 1376 998 illidunt.

300 1046 441 1140 Quanto
459 1046 562 1113 satine
580 1059 651 1126 est,
675 1059 806 1112 rectum
827 1046 925 1136 sequi
946 1044 1109 1128 limitem,
1127 1061 1162 1115 et
1180 1070 1222 1115 eo
1242 1069 1280 1115 te
1295 1071 1380 1141 per-

300 1162 451 1245 ducere,
474 1179 511 1230 ut
533 1185 572 1230 ea
595 1160 732 1229 demum
750 1162 820 1229 sint
836 1161 900 1230 tibi
914 1162 1091 1254 jucunda,
1112 1186 1189 1256 quae
1205 1162 1376 1233 honesta!

300 1278 394 1372 quod
409 1270 566 1370 necequi³
584 1278 791 1371 poterimus,
811 1277 840 1344 oi
858 1278 1035 1346 scierimus
1048 1270 1061 1319 ⁴
1080 1277 1148 1346 duo
1161 1302 1235 1347 esse
1250 1304 1380 1373 genera

299 1418 439 1480 rerum,
460 1417 536 1486 quae
553 1417 616 1461 nos
631 1408 690 1461 aut
707 1394 876 1479 invitent,
898 1409 958 1462 unt
973 1394 1106 1487 lugent.
1122 1396 1275 1463 Invitant
1291 1395 1380 1463 divi-

301 1505 392 1596 tiae⁵,
409 1512 618 1605 voluptates,
638 1512 767 1592 forma,
783 1510 946 1590 ambitio,
962 1526 1085 1579 caetcra
1099 1509 1225 1579 blando
1239 1528 1275 1579 et
1289 1512 1381 1580 arri-

301 1630 417 1699 dentia
443 1655 451 1694 t
481 1628 576 1719 lugat
601 1626 720 1709 labor,
745 1650 855 1709 mors,
887 1626 1005 1709 dolor,
1034 1629 1247 1721 ignominia,
1270 1630 1382 1697 rictus

246 1758 274 1811 ι3
300 1744 506 1839 adstrictior.
523 1742 695 1812 Debemus
711 1744 827 1834 itaque
842 1743 1014 1824 exerceri,
1031 1766 1077 1810 ne
1091 1741 1165 1811 haec
1179 1744 1378 1823 timeamus,

301 1884 345 1931 no
363 1861 422 1929 illa
438 1862 627 1953 cupiamus.
647 1861 689 1927 ln
707 1860 918 1927 contrarium
936 1884 1128 1953 pugnemus
1140 1876 1205 1942 ,et
1222 1860 1268 1928 nb
1289 1860 1383 1929 invi-

301 1977 452 2045 tantibus
463 1978 683 2061 recedamus,
701 1976 865 2045 adversus
876 1968 1049 2069 petentia⁶
1060 1976 1291 2046 concitemur!
1305 1979 1382 2044 Non

300 2095 415 2179 vides,
434 2120 536 2189 quam
550 2095 707 2165 diversus
717 2098 763 2163 sit
776 2094 1057 2164 descendentium
1067 2093 1204 2164 habitus
1217 2111 1252 2163 et
1265 2118 1385 2165 ascen·

302 2214 481 2283 dentium?
495 2216 554 2306 qui
571 2237 637 2308 per
648 2237 793 2307 pronum
808 2227 910 2294 eunt,
929 2214 1132 2307 resupinant
1143 2238 1309 2307 corpora,
1322 2214 1384 2306 qui

303 2330 491 2401 inarduum
501 2382 509 2414 ,
521 2330 738 2399 incumbunt.
751 2333 849 2413 Nam,
864 2331 892 2397 si
905 2335 915 2379 ⁷
927 2329 1127 2414 descendas,
1140 2332 1276 2425 pondus
1285 2357 1385 2401 suum

301 2451 337 2517 in
355 2451 504 2543 priorem
522 2464 654 2541 partem
679 2445 784 2535 dare,
809 2448 837 2513 si
859 2444 1045 2530 ascendas,
1065 2463 1159 2517 retro
1181 2446 1384 2533 abducere,

248 2589 276 2653 14
300 2592 377 2637 cum
395 2568 503 2650 vitio,
522 2564 657 2644 Lucili,
677 2564 872 2631 consentire
888 2580 951 2630 est.
972 2547 1013 2631 In
1031 2563 1221 2659 voluptates
1239 2566 1387 2635 descen-

335 2830 357 2863 ι.
374 2812 464 2879 Quom
476 2814 538 2863 itte.
550 2810 669 2862 Sirenum
684 2828 766 2861 voces.
780 2810 816 2861 R.
865 2826 924 2859 eum
937 2807 993 2860 aliis
1006 2821 1075 2860 tenet
1091 2820 1121 2861 ut
1138 2823 1195 2863 ante
1207 2814 1390 2867 divitiorum

333 2910 357 2941 a.
376 2888 480 2957 Quas...
497 2889 632 2957 allegatos.
644 2886 814 2949 Malonaris,
865 2898 950 2937 nostra
973 2887 1006 2939 de
1029 2886 1135 2956 conjece
1153 2888 1293 2961 abjecimus
1313 2892 1390 2945 illam

300 2967 423 3035 ἱστοπέδῃ.
435 2965 542 3017 Homer.
553 2964 646 3033 Odyss.
662 2983 704 3027 rs,
722 2965 768 3028 ¹78
777 2981 817 3031 sq.
866 2963 1031 3035 particulam,
1047 2978 1168 3037 tanquam
1180 2988 1210 3021 es
1224 2968 1329 3023 sebolio
1341 2973 1392 3023 iu-

300 3058 379 3097 totam
390 3064 444 3096 rem
456 3054 547 3096 narrat.
560 3042 657 3097 Amicis
666 3040 818 3094 scilieetau-
866 3054 971 3094 vectem.
983 3042 1081 3096 Eadem
1096 3046 1218 3118 particula
1234 3048 1316 3101 etiarn
1334 3063 1394 3122 post

301 3142 341 3175 res
350 3142 406 3175 eera
414 3121 596 3189 obduraverat,
608 3141 684 3193 seque
697 3118 817 3173 munibus
854 3118 954 3191 sugent
963 3119 1057 3174 inserta
1069 3122 1162 3177 eratin
1176 3144 1232 3177 une
1242 3144 1275 3177 ex
1285 3128 1395 3182 Grute-

301 3200 457 3275 pedibusque
468 3200 536 3253 molo
545 3199 646 3271 alligari
656 3200 773 3271 jusserat,
782 3218 817 3251 ne
866 3198 952 3251 rianio.
963 3197 1047 3253 Sele.

302 3278 426 3333 illecebris
444 3278 564 3331 Sirenum
581 3277 766 3331 abducerentur
787 3278 816 3328 in
896 3271 1049 3329 &Precatio
1058 3276 1102 3330 Sic
1109 3279 1229 3333 Erasmus
1236 3282 1394 3357 deditque

302 3358 449 3431 perniciem¹
461 3356 551 3409 nult.
865 3352 935 3405 bavit
949 3354 1111 3421 Gronovius,
1121 3357 1166 3428 qui
1183 3360 1306 3429 monuit,
1323 3363 1399 3417 nils'rl

337 3436 360 3489 3.
372 3434 688 3507 Quodasseqot...sugene
700 3434 768 3488 Sunt
776 3431 818 3488 lte
867 3430 997 3503 vulgarius
1006 3452 1060 3487 esse
1068 3433 1271 3506 significatione,
1283 3460 1342 3509 qua
1351 3462 1398 3493 su-

303 3534 342 3568 res
353 3514 458 3577 mediae,
475 3532 533 3585 qun
549 3534 633 3584 neque
648 3513 717 3566 bona
734 3530 818 3582 πηνα
867 3510 945 3561 mitur
957 3531 1003 3582 pro
1014 3511 1151 3586 impetere,
1161 3514 1295 3569 invadere.
1306 3518 1398 3575 codo„

303 3592 370 3646 mola
388 3605 459 3655 sunt,
473 3592 582 3662 ideoque
600 3591 752 3663 adiaphoris,
771 3610 819 3642 ex·
867 3588 972 3661 plurimi
983 3592 1211 3660 :potenttistunde
1222 3593 1300 3647 Pinc.
1315 3598 1400 3663 feeit,

302 3686 373 3725 terna
384 3690 391 3723 t
401 3672 431 3724 de
442 3672 533 3743 quibos
546 3689 611 3743 stepe
625 3670 784 3734 monuimus,
797 3688 819 3721 e.
866 3672 1026 3739 prementia,
1037 3671 1160 3723 Gruterus
1168 3674 1343 3742 impetentem,
1355 3678 1400 3729 Li-

241 3786 242 3789 =
303 3772 324 3802 e.
335 3750 382 3820 Ep.
393 3766 470 3811 nxvr,
485 3752 590 3822 Argum.
602 3749 690 3803 Ruti.
869 3746 938 3820 psius
945 3752 1107 3814 impotentia.
1115 3747 1400 3821 Editioantiqueclare

336 3832 361 3893 d.
370 3828 405 3881 St
411 3831 553 3881 scierimus.
565 3827 607 3880 Sic
617 3840 681 3880 recte
692 3825 747 3879 Pal.
758 3826 784 3891 3,
797 3826 821 3892 ζ.
870 3838 969 3897 prestat
979 3845 986 3879 ι
993 3832 1116 3895 muntia.
1128 3826 1221 3882 nott.

304 3906 357 3960 Alii
367 3906 445 3979 vulgo
456 3907 632 3977 sisecerr'mus.
642 3904 725 3959 Sedet.
901 3925 925 3974 7.
937 3905 1013 3957 Nam
1021 3908 1073 3958 si...
1082 3918 1129 3960 est.
1138 3907 1212 3960 Sicut
1220 3907 1354 3963 vitiosum
1363 3924 1402 3964 est

337 3988 361 4039 5.
372 3987 494 4039 Invitant
503 3988 610 4047 divitia,
629 3998 654 4037 et
668 3984 820 4055 iniresngut
868 3982 897 4034 in
908 4000 1013 4035 ascensu
1022 3996 1095 4037 tuum
1104 4004 1194 4059 corpus
1205 3990 1401 4059 retrotrabere‚

303 4065 387 4116 tabor.
398 4064 497 4135 Vulgo,
509 4064 637 4128 Invitent,
647 4072 677 4115 ut
686 4065 821 4126 dtoitioe,..
869 4075 894 4113 et
904 4061 933 4115 in
947 4062 1069 4115 descensu
1086 4063 1249 4130 incumbere,
1269 4071 1404 4139 quando·

292 4142 406 4211 sugent,
417 4143 500 4207 tabor,
521 4152 567 4193 etc.
580 4142 717 4207 Invitent,
738 4153 763 4193 ct
772 4141 821 4207 su·
869 4143 974 4213 quidem
988 4143 1016 4195 in
1029 4155 1136 4215 utroque
1146 4162 1207 4197 casu
1218 4163 1335 4218 proruas
1348 4170 1407 4204 ne-

300 4228 349 4288 got
361 4220 496 4273 commode
509 4218 579 4273 dedit
592 4240 637 4272 ms·
653 4240 679 4273 o.
695 4219 739 4273 nd
752 4219 821 4273 idem
871 4240 938 4275 cesse
950 4221 1014 4290 erit3
1027 4222 1061 4275 ita
1073 4240 1131 4276 rum
1147 4224 1212 4278 vitio
1227 4229 1404 4295 censenda,
