2950 4934
321 475 389 569 ⁵9⁶
682 466 1026 538 susmulesn

316 643 373 704 tuis
386 651 454 700 sum
466 640 562 699 amici.
576 637 655 698 Lus.
672 635 787 712 Fateor,
803 647 832 698 et
845 641 1009 720 quanquam
1029 635 1131 696 Fatum
1145 647 1173 695 et
1185 632 1387 694 Necessitatem

313 750 344 809 in
368 748 430 829 ipsa
451 745 572 806 Materie
594 755 720 825 ponunt,
742 765 828 825 quam
849 741 967 804 inhaeret
984 766 993 801 ι
1009 755 1106 802 tamen
1119 725 1262 801 Astra'vel
1276 761 1389 801 moveas

313 852 423 935 aliquid
430 853 544 925 volunt,
553 850 600 913 vel
609 861 685 911 eerte
697 871 825 911 monere.
835 837 954 912 Dubitat
964 849 1071 910 Seneca
1086 847 1163 932 (Ep.
1174 846 1302 930 cxvn),
1316 875 1330 900 ι
1345 847 1386 905 An

313 961 352 1022 ad
373 960 518 1020 stellarum
533 971 626 1019 motus
640 970 736 1017 nostra
750 967 919 1016 moveantur
929 968 1071 1038 torpore,
1088 977 1125 1014 an
1138 955 1310 1036 corporibus
1328 953 1388 1012 ani-

313 1067 426 1148 misque
447 1065 576 1124 omnium
591 1063 670 1122 illine
684 1063 807 1144 impetus
819 1060 936 1123 veniat?
947 1077 962 1114 ἰι
977 1059 1015 1121 Et
1035 1059 1176 1122 affirmare
1190 1060 1266 1120 illud
1279 1059 1388 1120 videtur

312 1171 381 1230 alibi
394 1167 451 1253 (de
466 1166 581 1230 Provid.
597 1189 661 1251 cap.
675 1165 704 1250 ι)
716 1191 726 1227 s
742 1194 756 1222 α
768 1167 854 1228 Hane
867 1165 1034 1234 inoffensam
1046 1167 1226 1228 velocitatem
1237 1163 1387 1249 (sidetem)

313 1290 425 1338 tantum
438 1298 535 1337 rerum
548 1288 623 1335 terra
639 1275 769 1356 marique
787 1287 962 1358 gestantem,
978 1297 1036 1334 uon
1054 1283 1116 1335 'ess'e
1130 1275 1258 1335 mat'er'iae
1271 1274 1387 1334 ementis

311 1383 454 1444 ordinem.
468 1408 482 1434 ι
494 1381 583 1457 Quasi
595 1382 658 1462 ipsa
672 1381 766 1440 sidera
780 1401 827 1440 res
840 1378 979 1455 habeant,
995 1387 1162 1464 gestentque
1174 1380 1313 1440 inclusas.
1330 1380 1387 1438 lte·

312 1509 435 1571 rumque
449 1488 517 1547 alibi
531 1484 583 1567 (ad
594 1485 750 1562 Marciam,
767 1507 832 1567 cap.
853 1484 906 1570 18)
919 1509 927 1546 ι
942 1499 956 1542 ά
970 1483 1016 1546 Ex
1028 1486 1154 1547 siderum
1167 1486 1300 1568 quinque
1312 1485 1387 1568 (Pta-

306 1591 463 1674 netarum)
483 1591 636 1652 levissimis
657 1593 783 1652 motibus
803 1591 924 1652 fortune
948 1593 1119 1675 populorum
1145 1591 1338 1675 dependent,
1362 1605 1388 1651 et

303 1700 435 1758 ¹maxima
457 1720 491 1758 ac
514 1699 634 1757 minima
650 1695 774 1779 psoinde
791 1697 966 1773 soi-mantiae,
988 1711 1074 1780 prout
1090 1711 1204 1781 aequum
1221 1687 1388 1781 iniquumve

297 1805 384 1866 'sidus
399 1805 527 1864 incessit.
542 1830 557 1857 ι
579 1803 716 1886 Denique
733 1804 869 1889 longius,
888 1804 926 1866 ad
941 1803 1036 1866 sidera
1050 1805 1135 1865 etiam
1149 1805 1225 1880 fixa,
1244 1806 1309 1866 vult
1319 1825 1387 1888 pro-
1455 1821 1456 1840 ¹

306 1910 386 1973 teudi
410 1910 461 1995 (ΙΙ
474 1909 580 1986 Quaest.
603 1909 668 1971 Nat.
696 1932 761 1994 eap.
788 1909 870 1995 3a)=
890 1939 904 1966 α
918 1911 1051 1994 Quinque
1071 1911 1216 1972 stellarum
1236 1923 1388 1993 potestates

182 2048 195 2069 κ
304 2017 504 2079 Chaldaeorum
518 2017 682 2079 observatio
693 2020 818 2101 excepit.
828 2017 906 2094 Quid
919 2019 972 2080 tu?
984 2031 1026 2080 tot
1038 2019 1126 2079 millia
1140 2018 1266 2080 siderum
1277 2019 1388 2098 judicas

310 2127 402 2185 otiosa
414 2123 531 2185 lucere?
546 2122 625 2199 Quid
641 2137 685 2185 est
699 2147 786 2207 porro
802 2125 898 2202 aliud,
915 2125 1132 2208 quoderrorem
1153 2127 1272 2186 incutiat
1289 2126 1388 2208 petit's

310 2229 468 2302 natalium,
485 2251 572 2311 quam
587 2231 665 2313 quod
678 2233 778 2312 paucis
791 2253 843 2294 nos
857 2231 999 2293 sideribus
1011 2234 1155 2316 assignant
1168 2255 1177 2292 t
1191 2255 1278 2315 quum
1290 2235 1387 2293 omnia

298 2357 372 2418 epm
385 2357 473 2417 supra
486 2357 540 2394 nos
553 2347 635 2411 sunt,
650 2338 762 2418 partem
776 2338 831 2408 sibi
845 2339 934 2397 nostri
948 2337 1115 2398 vindicent?
1128 2365 1142 2392 u
1155 2339 1248 2400 Valde
1260 2361 1315 2421 pro
1327 2338 1389 2398 Ge-

301 2441 459 2502 metldiaeia
469 2441 552 2516 facit,
564 2462 637 2523 quos
650 2456 746 2504 tamen
757 2445 843 2504 tedet
856 2463 913 2503 non
926 2443 1105 2506 Planetarum
1119 2457 1228 2506 tautum
1239 2446 1383 2527 quinque,
1455 2471 1456 2474 ¹

300 2560 339 2608 et
350 2520 424 2607 dolis
446 2567 480 2606 ae
497 2545 605 2619 Lunam
625 2548 678 2608 sed
700 2550 786 2608 etiam
802 2549 925 2610 fixorum
939 2549 1064 2611 siderum
1079 2563 1230 2632 potestates
1246 2553 1362 2611 novisse
1375 2577 1384 2610 :
1455 2537 1456 2542 ἵ

300 2675 374 2736 span
383 2653 567 2736 ignorantia,
582 2654 694 2736 inquit,
710 2633 853 2714 causaest
864 2676 916 2714 cur
929 2677 946 2714 a
959 2677 1028 2716 vero
1046 2677 1121 2738 saepe
1135 2657 1266 2717 delirent.
1284 2655 1386 2718 Palam
1455 2685 1456 2710 ι

301 2759 426 2842 quidem
446 2759 506 2819 liaeo
528 2771 595 2820 suut
613 2780 667 2841 pso
685 2760 796 2834 Astiis,
818 2773 847 2820 et
868 2783 967 2822 causas
991 2764 1053 2844 ipsa
1072 2775 1225 2824 eventuum
1242 2786 1325 2840 esse,
1352 2789 1387 2826 ac

302 2887 436 2927 movere.
451 2867 562 2926 Tamen
576 2867 684 2947 aquius
697 2866 858 2948 meliusque
872 2866 940 2927 alibi
956 2867 1093 2951 ambigit,
1112 2880 1141 2930 et
1154 2872 1324 2932 sententiam
1339 2874 1388 2932 al-

306 2985 405 3033 ternat
419 2970 529 3054 (Epist.
545 2969 696 3054 anavus)
711 2993 720 3030 s
738 2969 862 3032 s-Sidera
878 2973 994 3032 effeetus
1007 2995 1103 3034 rerum
1117 2977 1245 3036 omnium
1255 2990 1307 3038 aut
1319 3001 1388 3040 mo-

307 3092 398 3152 uent,
415 3091 466 3140 aut
479 3092 590 3139 notant.
605 3105 620 3132 ι
634 3075 719 3138 'Bene
741 3078 778 3138 de
798 3079 943 3166 notatione
955 3069 1092 3155 tantum,
1117 3093 1145 3140 et
1166 3083 1221 3152 hoe
1243 3097 1285 3144 est
1308 3087 1389 3167 quod

312 3205 425 3246 munem
437 3186 579 3245 dicebam.
597 3183 762 3267 Signifieare
776 3182 883 3265 aliquid
899 3198 1018 3266 possunt
1030 3207 1066 3247 ex
1079 3184 1149 3246 Fato
1161 3187 1312 3266 futurum,
1330 3215 1389 3251 uon

306 3292 377 3373 ‹ipsa
386 3303 457 3352 sunt
466 3333 477 3366 ‚
485 3279 543 3351 aiut
556 3288 665 3351 iaciunt
677 3289 790 3351 taum.
806 3290 906 3372 Itaque
919 3290 1032 3353 Manilii
1047 3292 1101 3353 hoe
1117 3293 1241 3355 toleress

721 3446 828 3465 .......
840 3412 937 3464 comnia
946 3413 999 3465 sati

526 3499 530 3504 ⁸
577 3503 663 3558 Sidera
676 3524 683 3556 ι

315 3577 393 3641 {llud
405 3579 530 3655 nollem,

583 3702 624 3719 ...
633 3703 641 3719 .
650 3704 658 3719 .
667 3703 690 3719 ..
702 3665 810 3720 diversos
817 3669 946 3722 hominum
956 3673 1158 3725 varimtiacm.

317 3783 410 3866 Magis
431 3785 577 3860 enimait,
595 3810 611 3837 e
624 3784 784 3866 significare
799 3788 852 3848 ista
864 3810 949 3870 quam
964 3787 1076 3865 iacere,
1091 3817 1105 3846 o
1124 3805 1152 3851 et
1166 3789 1270 3854 Plotini
1284 3797 1394 3857 mode-

308 3892 385 3950 -stior
401 3893 518 3951 assertio
536 3915 545 3950 s
565 3891 674 3951 «Nihil
687 3893 716 3952 vi
734 3893 782 3953 vel
798 3906 937 3975 potestate
954 3918 1052 3958 eorum
1070 3897 1233 3959 hominsssus
1254 3905 1392 3974 evenire,

316 3998 368 4059 sed
388 4020 437 4072 ea,
460 4020 523 4080 quas
542 3997 658 4062 Decreti
678 4002 831 4060 necessitus
844 4003 877 4062 in
891 4004 1018 4086 singulos
1035 4005 1145 4080 sancit,
1162 4007 1201 4066 ita
1218 4029 1272 4087 per
1285 4007 1394 4070 lautum

317 4119 426 4186 septem
442 4104 661 4190 (planetarum)
671 4110 845 4186 transitum,
864 4113 985 4172 statione
1001 4134 1150 4176 recessuve
1169 4117 1347 4189 memsam
1364 4131 1396 4178 ut

317 4232 386 4273 aves
399 4214 639 4293 praestolando,
655 4236 708 4276 seu
720 4215 840 4292 stando,
857 4215 953 4280 futura
968 4222 1071 4302 pennis
1086 4222 1132 4286 vel
1145 4243 1216 4282 voce
1228 4223 1394 4306 significant
