2950 4934
303 510 364 580 150
591 511 630 576 L.
659 507 838 577 ANNAEI
861 505 1082 579 SENECAE

296 639 337 706 lu
354 659 422 729 qua
439 619 509 706 nou
525 659 599 705 sum
615 637 754 706 solitum
774 661 906 708 morem
922 657 1058 710 secutus
1076 691 1086 726 ‚
1103 665 1168 712 nec
1191 645 1309 736 putari
1324 644 1379 714 le·

246 825 251 834 ,
295 755 387 827 niter
413 753 509 822 illum
539 753 665 823 debere
692 756 853 836 tractari,
879 777 986 848 quum
1008 756 1257 851 'objurgatione
1288 778 1377 829 esset

296 894 398 963 quam
412 869 552 938 solatio¹
573 870 723 965 dignior.
737 869 876 940 Afflicto
892 873 1004 957 enim,
1022 887 1058 941 et
1074 895 1235 966 maguum
1250 875 1377 944 vulnus

296 986 383 1054 male
407 985 552 1068 ferenti,
574 988 749 1082 paulisper
770 986 960 1056 cedendum
979 1006 1030 1057 eat
1048 1015 1055 1056 :
1073 991 1213 1058 exsatiet
1231 1013 1291 1075 se,
1314 1009 1376 1060 aut

296 1119 390 1178 certe
417 1105 565 1197 primum
587 1105 750 1198 impetum
775 1102 938 1172 effundat.
963 1106 1028 1189 lli,
1055 1106 1115 1197 qui
1138 1105 1204 1174 sibi
1227 1105 1375 1200 'lugere

268 1281 272 1290 .
297 1237 535 1315 sumpserunt,
557 1221 714 1315 protinus
732 1222 964 1314 castigemur,
987 1237 1023 1290 et
1042 1221 1190 1310 discant,
1210 1223 1373 1316 quasdam

297 1338 398 1406 etiam
417 1338 633 1407 lacrimarum
650 1339 795 1432 ineptias
812 1361 898 1408 esse.

256 1501 271 1534 2
351 1457 505 1526 «Solatia
520 1450 734 1549 exspectas⁵i
751 1457 906 1526 convicia
921 1459 1053 1551 accipe.
1072 1461 1158 1525 Tam
1173 1457 1323 1526 molliter
1336 1472 1374 1527 tu

297 1574 366 1641 fers
385 1588 528 1643 mor-tem
547 1573 639 1641 filii?
660 1571 746 1665 quid
764 1573 911 1655 faceres,
931 1576 960 1642 ai
974 1577 1119 1644 amicum
1138 1572 1374 1668 perdidisses?

296 1689 450 1756 Decessit
469 1686 561 1756 iilius
579 1688 715 1762 incerlae
730 1688 824 1780 spei,
841 1687 1025 1781 parvulus:
1035 1688 1197 1782 pusillum
1210 1690 1374 1782 temporis

296 1805 402 1898 periit
411 1799 438 1873 ⁴.
462 1804 587 1873 Causas
601 1802 728 1871 doloris
741 1804 994 1895 conquirimus,
1016 1819 1050 1871 et
1064 1783 1108 1872 de
1123 1804 1257 1872 fortuna
1271 1806 1374 1873 etiam

298 1913 442 2013 iniquo⁵
466 1919 567 2009 queri
589 1917 766 2001 volumus,
794 1918 890 2008 quasi
914 1942 983 1984 nou
1006 1919 1050 1985 sit
1070 1918 1180 2010 justas
1204 1918 1373 2010 querendi

256 2053 272 2114 3
298 2059 415 2106 causas
431 2035 627 2128 praebitura.
649 2036 714 2117 At,
734 2032 967 2119 mehercules,
990 2036 1072 2102 satis
1089 2035 1174 2102 mibi
1189 2035 1262 2127 jam
1279 2035 1375 2104 vide-

297 2153 392 2222 baris
407 2153 510 2220 animi
528 2151 676 2232 babere,
697 2151 799 2218 etiam
814 2148 977 2220 adversus
992 2149 1101 2220 solida
1117 2151 1225 2239 mala,
1244 2150 1373 2220 nedum

297 2270 343 2339 ad
365 2272 444 2338 istas
462 2269 600 2339 umbras
618 2268 803 2350 malorum,
826 2262 950 2359 quibus
970 2269 1200 2361 ingemiscunt
1216 2269 1374 2338 homines

300 2388 406 2458 moris
422 2409 536 2456 causa.
555 2380 661 2477 Quod
673 2362 875 2454 damnorum
887 2373 1040 2452 'omnium
1056 2385 1236 2452 maximum
1253 2400 1322 2469 est,
1343 2387 1373 2452 si

295 2479 673 2597 amicumperdidisses,
687 2499 917 2593 daudaopera
927 2517 1019 2585 erat,
1034 2517 1073 2569 ut
1085 2502 1194 2595 magis
1205 2500 1372 2593 gauderes

296 2619 388 2716 quod
404 2613 592 2704 habueras,
613 2643 715 2712 quam
736 2630 894 2686 moereres
911 2616 1002 2709 quod
1019 2619 1192 2686 amiseras.
1209 2617 1277 2687 sed
1293 2619 1371 2713 ple-

295 2738 395 2829 rique
421 2759 490 2804 non
508 2749 725 2826 computant,
748 2747 875 2824 quauta
894 2727 1159 2826 ‘praeceperiut‚
1187 2738 1371 2826 lquantum

255 2852 405 2948 4·gavisi
428 2851 508 2918 sint.
536 2851 609 2919 Hoc
631 2843 757 2916 babet³
785 2849 876 2914 inter
897 2847 1032 2940 reliqua
1054 2848 1133 2916 mali
1157 2846 1255 2916 dulor
1276 2850 1367 2917 iate:

295 2992 364 3039 uon
386 2988 617 3062 supervacuus
634 2981 787 3049 tantum,
809 2962 869 3032 sed
888 2965 1042 3059 ingratus
1061 2981 1125 3032 est.
1144 2967 1256 3060 Ergo,
1277 2965 1371 3058 quod

329 3205 350 3239 s.
364 3187 473 3241 Solatia.
483 3185 527 3252 Sic
535 3205 562 3238 a.
571 3205 592 3239 c.
602 3182 639 3236 Ἀ.
650 3183 735 3256 Vulgo
745 3202 807 3236 oon·
854 3185 965 3248 dinuo,
979 3184 1124 3250 assimilis,
1136 3185 1318 3239 sdrubialilcr
1328 3187 1372 3239 di-

293 3269 432 3327 scretione,
450 3265 519 3335 quod
533 3285 563 3317 ax
581 3261 680 3316 acholio
700 3263 807 3316 ductum
855 3273 956 3316 matur.
967 3261 1019 3315 Alii
1027 3262 1106 3334 vulga
1116 3264 1373 3331 iniquemle'aeiqui

293 3344 494 3399 videtur-Sabor·
853 3341 896 3394 cl.
906 3341 964 3413 Bip.
971 3353 996 3394 et
1006 3340 1090 3395 Rubi.
1102 3340 1190 3396 invisis
1200 3341 1280 3395 libris.
1288 3342 1370 3396 Scbn.

327 3443 350 3476 a.
363 3421 405 3475 Hi
414 3427 462 3492 qui
472 3423 525 3474 sibi
535 3425 622 3492 lugere
631 3431 803 3488 sumpserunt.
886 3419 1027 3492 &Quanta
1035 3425 1208 3491 praeceperint·
1219 3421 1304 3493 Vulgo
1311 3441 1372 3492 per·

294 3502 347 3571 Qui
363 3501 444 3554 luctui
460 3499 543 3554 dedita
563 3518 640 3573 opera
660 3497 803 3570 indulgent.
852 3500 966 3565 ceperint
978 3497 1004 3549 h.
1016 3498 1033 3549 l.
1047 3497 1105 3551 libri
1119 3519 1227 3565 omna,
1240 3500 1286 3552 sed
1303 3501 1373 3554 inira

292 3579 453 3652 lapranger
471 3581 544 3632 celus·
551 3582 603 3646 ,qui
618 3597 645 3632 se
661 3570 804 3631 condomae
853 3596 898 3649 pro
911 3575 1016 3647 vulgata
1027 3586 1148 3644 percepta
1163 3589 1230 3631 recte
1240 3591 1371 3646 precepta

292 3661 570 3713 wlonlairemmlaux
579 3658 677 3724 pleurs.
849 3654 979 3743 alpinum
989 3673 1015 3706 a]
1028 3655 1096 3708 td.
1108 3654 1177 3744 unde
1186 3655 1254 3708 idem
1262 3656 1371 3709 verbum

291 3733 806 3885 a„illilssli‘l’ssitiss'illsstl‘i
853 3730 1367 3883 ”¹3T322232‘sslllll3733.{322,

292 3889 346 3944 lum
362 3890 429 3959 (vel,
448 3904 476 3942 ut
494 3889 537 3942 alii
556 3887 632 3954 libri,
647 3888 803 3956 Marinum)
853 3887 946 3940 dedere
955 3909 983 3940 a.
992 3908 1013 3942 c.
1022 3889 1058 3940 Α.
1067 3907 1124 3940 cum
1134 3887 1206 3941 Pina.
1213 3901 1237 3940 ct
1244 3889 1332 3942 Pala.
1341 3889 1371 3942 S.

292 3969 392 4042 opinor,
414 3982 438 4022 et
455 3980 534 4021 lolam
550 3967 669 4040 deinceps
679 3967 712 4019 ad
723 3965 802 4019 finem
886 3968 910 4019 8.
926 3965 1010 4019 Huc..
1020 3969 1090 4018 mali
1102 3966 1178 4017 dolor
1189 3968 1246 4020 isse.
1264 3965 1371 4019 Currexi

292 4048 361 4124 poni.
372 4047 446 4116 Lips.
853 4065 882 4096 ex
895 4064 940 4094 ms.
958 4065 986 4096 a.
998 4043 1057 4096 call.
1072 4043 1144 4097 Piae.
1157 4056 1181 4095 et
1195 4044 1270 4096 Grur.
1284 4045 1373 4097 Dolor

324 4129 347 4194 4.
355 4125 489 4179 Pusillum
499 4128 622 4193 temporis
629 4127 714 4192 periit.
726 4123 803 4177 lnlsl·
852 4127 901 4176 iste
912 4123 1004 4176 latebat
1014 4121 1061 4174 sub
1073 4123 1172 4174 doloris
1188 4141 1216 4174 se
1223 4159 1232 4183 ,
1248 4122 1318 4192 quod
1333 4135 1370 4175 est

290 4203 356 4276 lige,
370 4205 449 4272 periit
461 4206 511 4256 illi.
524 4201 604 4256 Schav.
852 4196 880 4252 lu
891 4219 937 4252 ms.
947 4221 974 4252 a.
986 4199 1073 4272 Vulgo
1084 4217 1091 4252 ε
1104 4203 1169 4251 inter
1179 4202 1225 4251 rel.
1237 4203 1315 4252 mala
1326 4202 1370 4251 da

324 4283 347 4331 5.
362 4279 466 4346 Iniqua.
480 4281 528 4333 Ma.
543 4301 570 4334 α.
588 4292 616 4334 ut
628 4289 798 4348 praepostero,
850 4283 909 4347 ior,
923 4282 995 4349 qaod
1005 4297 1072 4346 aon,
1086 4291 1132 4332 etc.
1145 4277 1225 4331 Scbw.
