2950 4934
391 368 667 440 EPISTOLA
695 366 928 444 LXXXIX.
1181 407 1202 472 7

118 501 191 570 sine
208 500 295 594 ipsa.
313 501 396 570 Non
411 500 523 582 enim,
543 497 829 592 quemadmodum
847 500 884 569 in
903 498 979 582 his,
995 502 1056 594 qni
1069 501 1202 597 aliquid

120 641 161 686 ex
172 614 312 696 distanti
328 616 408 688 loco
425 615 530 687 ferire
547 631 726 698 conantur,
746 615 832 684 alibi
850 632 902 687 est
918 617 978 710 qui
993 617 1100 712 petit,
1116 617 1201 690 alibi

119 731 211 825 quod
222 734 373 828 petitur3
387 755 466 816 nec,
484 729 769 826 quemadmodum
783 734 927 819 itinera,
944 758 1022 828 qun
1039 733 1085 805 sd
1097 735 1207 823 urbes

118 847 333 944 perducunt,
359 865 456 920 extro
481 850 571 943 ipsas
593 863 685 918 sunt.
714 849 768 918 Ad
791 850 955 921 virtutem
979 852 1117 922 venitur
1137 877 1202 948 per

117 970 238 1062 ipsam.
259 969 445 1040 Cohaereut
461 991 545 1062 ergo
559 967 651 1038 inter
661 991 699 1036 se
710 963 934 1062 Philosophia
947 971 1147 1062 Virtusque.

163 1083 390 1176 Phdosopln'oe
412 1097 482 1152 tres
501 1086 635 1174 partes¹
664 1105 737 1152 esse
765 1082 926 1152 dixerunt
949 1100 985 1154 st
1006 1086 1143 1155 maximi
1164 1101 1201 1154 et
1225 1134 1246 1186 Β

114 1199 257 1294 plurimi
267 1205 450 1270 auctores²
467 1227 475 1268 ε
488 1200 669 1286 Moralem,
685 1197 901 1282 Nanoalem,
919 1218 955 1270 et
968 1201 1196 1274 Rationalem.

113 1315 231 1386 Prima
248 1317 427 1409 componit
438 1316 589 1387 animum
603 1343 615 1403 ς
631 1314 785 1388 secunda
797 1338 914 1384 rerum
932 1331 1086 1386 naturam
1102 1343 1199 1389 scru-

114 1449 226 1520 tetur-3
239 1435 343 1504 tertia
356 1435 583 1528 proprietates
596 1433 781 1504 verborum
795 1435 913 1528 exigit,
930 1449 966 1504 et
975 1449 1194 1523 structuram,
1220 1427 1224 1432 ’

113 1567 148 1620 et
165 1553 505 1645 argumentationes,
526 1573 570 1619 ne
587 1574 650 1645 pro
667 1573 750 1618 vero
769 1549 853 1620 salsa
869 1549 1067 1645 subrepant.
1088 1553 1198 1624 Coete-

114 1691 192 1736 rnm
216 1669 352 1738 inventi
374 1681 476 1750 sunt,
503 1681 538 1736 et
557 1665 672 1760 quiin
690 1667 855 1759 pauciora
870 1667 1140 1763 philosophiam,
1162 1687 1197 1740 et

113 1784 174 1874 qui
191 1783 230 1852 iu
253 1781 356 1876 plura
377 1781 593 1850 diducerent.
616 1780 768 1874 Quidam
784 1807 830 1860 er¹
838 1784 1076 1877 Peripateticis
1090 1810 1196 1879 quar·

113 1915 182 1970 tarn
200 1915 334 1996 portem
348 1899 569 1994 adjecerunt,
594 1891 766 1984 civilem³3
780 1901 862 1993 quia
881 1903 1054 1996 propriam
1074 1927 1196 1996 quam-

114 2013 191 2085 dam
213 2017 492 2087 exercitationem
513 2011 708 2100 desideret,
731 2032 767 2083 et
784 2017 877 2086 circa
900 2016 1002 2087 eliam
1019 2022 1195 2090 materiam

114 2145 281 2223 occupata
294 2130 352 2200 sit.
364 2128 516 2222 Quidam
526 2127 727 2222 adjecerunt
736 2127 797 2200 his
806 2145 956 2224 partem,
970 2156 1072 2225 quam
1085 2135 1194 2204 Graeci
1220 2195 1240 2244 9

113 2244 302 2342 oinoropuxlrt
315 2261 455 2329 vocant,
474 2241 747 2314 administrandae
758 2249 809 2313 rei
812 2247 997 2338 familiaris
1010 2254 1191 2322 scientiam.

114 2359 266 2455 Quidam
282 2379 319 2432 et
339 2365 381 2434 de
398 2362 575 2455 generibus
592 2366 676 2440 vitm
696 2362 808 2432 locum
832 2360 1114 2458 separaverunt⁴.
1132 2367 1196 2434 Ni·-

114 2479 294 2550 hilautem
317 2477 443 2552 horum
469 2503 539 2550 nou
567 2478 604 2548 in
628 2479 688 2550 illa
701 2473 820 2574 parte⁵
840 2481 964 2552 Morali
987 2483 1192 2576 reperietur.

114 2717 193 2774 terra,
209 2705 309 2762 adhoc.
324 2707 366 2760 Cl.
383 2706 508 2782 Heusinq.
526 2703 559 2758 ad
575 2705 629 2758 cte.
677 2705 1086 2779 qnitanicero,Acad.l‚c.r,§
1098 2721 1194 2781 rqste.

114 2783 167 2836 ΟΠ.
177 2785 204 2848 Ι,
217 2785 269 2850 28,
283 2805 308 2858 q.
318 2787 348 2850 l,
361 2785 391 2852 4,
404 2805 427 2838 n.
439 2783 530 2837 Rnhr.
709 2783 733 2848 i.
749 2783 899 2856 Quidem...
911 2795 1108 2855 reponderunt.
1116 2787 1198 2841 Nihil

146 2883 168 2916 r.
177 2863 360 2934 Philosophioe
367 2875 418 2918 tres
424 2875 524 2936 portes.
532 2861 628 2916 Facilis
675 2873 782 2932 aurem,
792 2876 839 2918 etc.
849 2864 962 2934 Quinam
972 2865 1001 2918 hi
1015 2865 1125 2927 luerint,
1137 2885 1192 2920 non

113 2953 147 2992 est
164 2953 333 3014 msgressus
349 2961 363 2995 a
377 2940 577 3016 precedentibus
595 2941 627 2994 ed
676 2940 764 3012 liquet.
782 2942 861 2996 Recto
881 2942 999 2996 observat
1015 2943 1134 3010 sensu,
1152 2945 1193 2998 his

114 3038 155 3082 ea,
170 3037 229 3092 quse
242 3039 312 3072 nune
322 3031 470 3090 sequuntur.
484 3019 573 3087 Quum
586 3017 626 3072 ni·
676 3018 787 3092 partibus
809 3019 889 3073 tribus
911 3022 1037 3073 contineri
1065 3021 1193 3078 moralem

112 3097 205 3149 rnirnm
216 3096 301 3150 virtus
314 3110 339 3150 et
350 3097 510 3170 philosophie
522 3097 589 3150 inter
601 3116 627 3150 se
675 3109 782 3170 partem.
794 3096 884 3152 Ethice
897 3098 983 3163 euim,
996 3099 1079 3151 civilis
1091 3119 1111 3152 s.
1121 3101 1192 3172 poli-

111 3187 176 3248 aptae
188 3187 214 3227 et
224 3195 296 3230 nerae
304 3176 370 3238 sint,
382 3175 505 3248 sequitur,
524 3187 549 3229 st
562 3175 627 3244 phi·
676 3172 739 3238 tica,
749 3185 774 3226 et
786 3175 956 3229 OEeonomiea
967 3196 1019 3230 una
1027 3197 1086 3231 cnm
1094 3177 1192 3229 techni-

111 3251 234 3326 losophite
254 3254 355 3306 easdem
378 3273 429 3307 esse
451 3266 532 3328 partos
553 3267 621 3326 tres,
676 3251 757 3319 on(de
769 3255 908 3321 generibus
919 3258 992 3321 otta)
1004 3255 1193 3308 constituebant

110 3351 172 3402 qun
188 3331 278 3385 virtuti
296 3333 441 3385 tribuimus.
461 3333 556 3387 Moneo
575 3333 626 3390 hoe
675 3328 817 3383 Aristotelis
837 3331 1025 3406 philosophiam
1047 3334 1191 3408 practicam.

111 3421 213 3482 propter
223 3409 394 3464 'liedomanni
413 3412 521 3486 Systcm.
541 3415 562 3464 l.
575 3415 626 3487 p.8
676 3407 715 3460 Cf·
732 3407 824 3460 Bublll
834 3407 968 3462 &Mutis
983 3412 1033 3463 der
1050 3409 1143 3464 Gessit·
1165 3413 1191 3462 d·

111 3487 155 3557 qui
168 3489 293 3542 &nerem
309 3489 473 3565 negligentias
489 3491 625 3544 insimula-
674 3485 776 3537 Philos·
787 3487 821 3537 ll·
836 3505 861 3558 p.
872 3485 920 3538 362
937 3506 992 3557 sqq.
1006 3489 1097 3540 flunt.
1111 3489 1192 3540 -Et

112 3566 154 3618 vit.
169 3565 261 3622 Hohl,
674 3583 744 3616 nunc
754 3564 789 3616 ita
802 3561 832 3615 fit
842 3565 870 3615 in
882 3563 1007 3636 plerisque
1019 3565 1113 3618 scholis
1124 3580 1149 3618 et
1161 3567 1191 3619 in

143 3651 167 3684 n.
181 3633 625 3705 Tmpnrses...ntaeemno.ancto-
674 3640 746 3695 libris
758 3643 790 3695 de
803 3642 851 3697 bac
863 3644 966 3696 materis
980 3643 1069 3705 editis;
1083 3665 1108 3696 v.
1127 3665 1149 3697 c.
1160 3645 1189 3698 in

111 3729 158 3763 res.
170 3712 333 3777 Aristoteles,
345 3714 497 3768 Xenocrates
510 3715 624 3782 (Tiede·
673 3720 719 3772 illo
727 3720 885 3794 nupcredito
893 3739 983 3794 opero:
992 3721 1190 3793 Moralenppls'·

110 3807 188 3840 mann
202 3788 279 3843 θείη
289 3793 339 3844 der
348 3791 421 3860 spot.
432 3791 483 3844 Ph.
491 3792 523 3843 11.
536 3815 561 3866 p·
573 3794 621 3846 331
672 3802 735 3869 quet
746 3807 765 3852 s
776 3805 805 3854 ta
816 3803 967 3872 potuique,
979 3823 1034 3871 pas
1045 3805 1086 3856 M,
1096 3803 1178 3876 Jsuy.

111 3867 168 3919 toll·
179 3889 204 3940 p.
215 3868 317 3936 ζωοί
330 3868 424 3922 Siolcl:
435 3871 466 3923 tl·
476 3871 552 3943 lipsii
561 3873 638 3945 Mt(
708 3881 730 3932 5.
745 3880 806 3934 Non
817 3883 846 3933 in
856 3882 906 3934 illa
916 3891 994 3947 paru
1007 3881 1110 3934 Murali
1120 3899 1188 3950 ημ-

113 3945 170 3996 Μᾶ·
182 3947 224 4011 Π,
237 3951 260 4000 5·
272 3967 297 4020 9-
309 3947 402 3999 ΠΜ·
672 3961 761 4011 rietur.
776 3959 861 4032 Vulgo
872 3965 1006 4028 repetitam,
1019 3960 1106 4014 invitis
1116 3961 1188 4013 libris

143 4023 164 4075 3.
179 4027 294 4079 Civilem.
314 4027 457 4080 Politioern.
467 4053 500 4068 -
512 4029 622 4083 Easdem
672 4036 764 4088 nostris
783 4048 807 4088 et
824 4033 937 4090 Gruteri.
958 4036 1026 4090 Cum
1043 4037 1092 4090 hoc
1110 4037 1187 4093 verbo

112 4105 212 4160 omnino
225 4107 367 4161 divisiones
383 4107 476 4180 prebet
491 4122 516 4164 et
534 4129 622 4184 perse-
672 4114 967 4188 vulgojungebsturnon
976 4115 1188 4190 pottissimum
