2950 4934
623 530 627 540 .
703 452 854 547 iosm
877 477 1041 548 mrsu

632 710 953 800 'mssunmmo
979 706 1098 801 xxm.

371 1228 518 1292 bimorum
528 1242 650 1292 mortem
661 1230 787 1291 diximus
800 1254 807 1301 ;
822 1253 960 1315 magnum
976 1234 1095 1293 exitium
1105 1232 1256 1295 rideamus
1271 1238 1405 1319 ὰπύρωω

330 1338 496 1399 solemniter
509 1338 546 1398 iis
562 1336 688 1411 dietam,
710 1336 812 1397 lantino
835 1334 1111 1420 Coaflogroto‘onem,
1129 1342 1190 1401 sive
1212 1340 1402 1403 Exortum.

330 1446 417 1507 lianc
431 1447 473 1509 illi
490 1444 592 1506 eodem
606 1446 664 1505 line
682 1445 840 1519 inducunt,
853 1446 1015 1529 purgandi,
1034 1459 1063 1509 et
1080 1448 1176 1507 effoeta
1188 1450 1288 1507 omnia
1306 1450 1406 1507 instan-

330 1552 426 1614 randi.
451 1552 552 1635 ltaque
567 1574 626 1612 non
642 1565 686 1613 est
699 1553 815 1634 proprie
831 1555 928 1635 φθορὰ,
948 1553 1008 1613 sive
1028 1553 1162 1615 Intentio
1167 1576 1181 1627 ,·
1195 1554 1250 1615 sed
1267 1560 1404 1637 μπιὸοὶὲ,

331 1661 466 1731 mutatui),
479 1673 513 1721 nt
522 1660 681 1721 Numenius
692 1657 770 1741 apud
780 1654 937 1721 Eusebium
948 1660 1047 1720 scribit
1058 1682 1066 1719 ε
1079 1687 1093 1713 ι
1103 1660 1167 1719 Non
1182 1662 1305 1720 enimin
1315 1660 1405 1720 mnndi

331 1767 468 1839 interitu,
483 1768 533 1849 qui
546 1765 706 1827 secundm
717 1767 857 1827 maximas
868 1767 1066 1827 conversiones
1078 1766 1125 1839 lit,
1138 1768 1256 1849 proprie
1267 1769 1406 1829 interitum

332 1875 478 1955 occipiunt
493 1874 554 1949 illi,
573 1874 623 1955 qni
640 1875 671 1933 in
691 1872 793 1957 lgnem
816 1874 912 1933 omnia
933 1873 1036 1933 resolvi
1054 1872 1175 1947 docent,
1201 1896 1292 1957 quam
1314 1887 1408 1935 vocant

333 1980 521 2045 Exustionem
537 2005 545 2053 ;
556 1981 608 2040 sed
621 2004 675 2063 pro
688 1980 849 2041 Mutatione
864 1980 1020 2041 secundum
1034 1992 1182 2054 namnam,
1197 1994 1323 2041 utuntur
1336 1981 1409 2041 lote-

333 2088 404 2147 ritus
419 2087 547 2147 verbo.»
565 2086 667 2168 ltaque
690 2098 719 2146 et
742 2088 772 2145 in
794 2086 902 2147 Seneca
917 2084 1045 2169 (Consol.
1062 2086 1101 2146 ad
1114 2085 1214 2168 Polyb.
1232 2085 1332 2169 init),
1353 2110 1408 2147 ean

333 2214 434 2253 vocem
456 2194 497 2253 sic
521 2194 662 2273 accipies,
688 2191 823 2254 Numenii
844 2193 961 2275 quidem
985 2194 1093 2252 monito
1109 2216 1117 2253 r
1135 2220 1149 2247 o
1162 2192 1275 2253 Mundo
1299 2194 1408 2275 quiden

333 2296 447 2382 (Stoici)
462 2300 608 2361 minentur
621 2300 788 2374 interitum,
807 2312 836 2359 et
848 2298 902 2359 boo
916 2300 1098 2375 universum,
1114 2298 1191 2381 quod
1204 2300 1306 2359 omnia
1321 2300 1410 2359 divina

333 2403 516 2487 humanaque
536 2407 752 2489 complectitur;
771 2408 795 2467 si
812 2404 854 2466 sas
869 2419 952 2489 putas
967 2403 1115 2481 credere¹,
1133 2405 1194 2467 dies
1209 2407 1317 2487 aliquis
1333 2408 1412 2467 dissi-

334 2512 431 2593 pabit,
448 2525 477 2572 et
490 2514 520 2572 in
534 2512 730 2573 confusionem
747 2528 873 2576 veterem
888 2514 1076 2596 tenebrasque
1092 2514 1274 2597 demerget.»
1294 2512 1357 2575 Etsi
1369 2538 1412 2574 re-

334 2639 419 2692 vera,
431 2617 533 2700 quidni
547 2620 696 2693 interitus,
709 2641 799 2701 quum
810 2622 889 2702 prior
902 2620 993 2681 lorma
1004 2633 1063 2679 tota
1076 2620 1198 2695 occidit,
1210 2642 1266 2681 nec
1282 2623 1341 2681 nisi
1353 2622 1414 2681 llla-

334 2727 407 2785 teria
418 2726 535 2786 manet?
550 2726 608 2787 Sed
620 2727 763 2789 Numenio
776 2727 830 2787 hoc
844 2728 937 2788 visum
951 2726 1082 2799 edicere,
1098 2727 1167 2809 quia
1180 2750 1238 2787 non
1251 2728 1353 2803 idem,
1369 2728 1414 2788 sed

335 2834 399 2894 tulis
413 2836 517 2895 iterum
531 2813 660 2895 blundus
676 2837 813 2918 gignitur,
835 2858 903 2897 mox
919 2834 1092 2896 docendum.
1112 2834 1222 2897 Ordine
1237 2837 1320 2897 enim
1335 2837 1416 2897 vide-

337 2938 454 3016 bimus,
468 2968 482 2993 «
495 2940 633 3016 Quando,
649 2942 824 3017 Quomodo,
840 2954 870 3003 et
884 2940 948 3016 Quo
966 2942 1024 3001 line
1041 2942 1100 3001 fiat.
1115 2967 1129 2993 n
1148 2940 1294 3027 Quando?
1312 2943 1416 3003 Seneca

336 3045 510 3131 respondet(
518 3046 623 3123 Quaest.
635 3046 682 3106 ΙΙΙ
691 3092 700 3121 ,
709 3070 774 3128 cap.
788 3045 845 3129 28)
855 3070 863 3107 e
877 3074 890 3101 c
900 3046 997 3123 Quum
1005 3046 1068 3107 Deo
1079 3048 1170 3107 visum
1182 3048 1273 3107 ordiri
1283 3050 1416 3119 meliora,

337 3166 435 3213 vetera
449 3155 536 3214 liniri.
553 3181 567 3207 o
583 3153 664 3227 Deo,
680 3154 712 3213 id
725 3166 787 3229 est,
804 3152 885 3214 Fato.
902 3152 975 3213 Nam
984 3150 1172 3232 legeMundt
1181 3151 1231 3237 (ea
1245 3155 1356 3217 Fatum
1365 3154 1419 3235 est)

338 3260 404 3320 alibi
425 3262 524 3321 scribit
549 3260 608 3343 (ib.
632 3283 658 3319 c.
682 3257 743 3344 29)
759 3262 869 3322 venire.
887 3260 933 3320 Ita
947 3260 1122 3333 Aristocles,
1140 3262 1220 3342 apud
1235 3260 1416 3325 Eusebium:

340 3396 354 3423 a
367 3367 421 3429 Per
434 3369 531 3429 satalia
551 3370 680 3452 quodam
704 3381 733 3429 et
754 3368 872 3432 delinita
889 3382 1017 3451 tempora
1036 3370 1182 3431 Mundum
1195 3394 1321 3434 omnem
1337 3394 1420 3434 exar-

339 3476 417 3537 dere.
430 3503 444 3530 o
457 3476 535 3553 Quid
549 3476 689 3537 Ovidius?
705 3474 843 3557 (Metam.
861 3476 893 3550 I,
912 3472 1007 3559 256.)

380 3616 383 3622 ·
501 3601 558 3649 hee
569 3616 669 3667 qsoqne
678 3601 704 3649 in
714 3599 771 3649 lotis
781 3599 946 3649 reminiscitur
958 3599 1035 3651 alloro
1045 3606 1160 3670 leoque,

501 3692 557 3755 Quo
567 3706 634 3739 mare
644 3727 652 3754 ,
664 3707 716 3757 quo
726 3690 799 3739 tellus
811 3726 819 3749 ,
834 3696 993 3757 correptaque
1006 3691 1074 3757 regia
1084 3690 1137 3741 cali

501 3780 605 3843 kdeat,
618 3786 643 3830 et
655 3777 743 3829 mundi
754 3778 831 3829 moles
841 3796 944 3849 operosa
956 3778 1059 3831 laboret.

337 3896 434 3976 Aliqui
447 3906 543 3954 tamen
556 3894 593 3953 ad
606 3892 745 3972 Mogmrm
759 3916 863 3953 aaaron
879 3894 1057 3969 referebant,
1071 3898 1145 3956 utin
1159 3898 1328 3960 Censorino
1342 3920 1424 3980 supra

337 4001 478 4062 vidimus:
490 4000 796 4083 ettangitNumenius,
809 4003 963 4062 verborum
976 4003 1072 4085 aliquo
1085 4003 1212 4081 delectu,
1225 4030 1319 4069 sensu
1331 4022 1425 4069 tamen

372 4244 380 4275 ¹
394 4245 442 4293 Dat
451 4243 499 4294 boc
509 4243 627 4313 Polybio,
640 4243 684 4312 qui
695 4242 794 4294 alterius
802 4248 872 4294 secte
884 4242 939 4294 luit.
