2950 4934
361 453 427 545 572
732 445 1070 580 JUSTILIP'su

359 594 521 668 verissime,
535 615 554 654 a
574 591 638 655 Deo
659 607 688 654 et
701 593 883 656 Providentia
898 610 971 652 esse.
997 589 1107 652 Passim
1127 593 1167 651 ita
1186 613 1196 651 a
1215 604 1247 652 et
1258 591 1418 675 Chrysippi,

359 702 437 783 apud
447 700 626 781 Lactantium
636 699 699 782 (De
711 699 819 759 IraDei
830 743 839 773 ,
852 720 916 782 esp.
933 697 1004 782 ro),
1016 711 1217 781 segmentum
1226 698 1418 758 vaiidsmsauc

358 821 460 869 astat.
475 835 489 862 ι
498 809 528 870 si
537 806 607 890 quid
616 821 675 883 cst,
687 809 783 889 inquit
791 806 983 890 Chrysippus,
995 807 1073 889 quod
1082 805 1418 888 efficiatea,qoeiaomo‚

356 916 424 975 licet
437 917 546 975 ratione
558 914 710 997 preditus,
728 915 839 976 efficere
853 937 911 974 non
927 915 1017 997 possit
1031 937 1039 984 ς
1053 913 1085 974 id
1097 911 1226 996 proiecto
1248 926 1297 973 est
1317 915 1416 992 njis,

356 1035 385 1082 ct
407 1021 525 1096 fortius,
542 1035 572 1083 ct
587 1023 744 1105 sapientius
766 1021 892 1082 homine.
915 1021 1012 1082 Homo
1021 1027 1121 1082 'eutem
1144 1043 1204 1082 non
1223 1033 1323 1102 potest
1340 1021 1417 1080 iares

357 1127 478 1187 celestia
496 1151 506 1186 s
526 1148 594 1210 ergo
609 1127 703 1203 dlud,
718 1127 797 1209 quod
813 1126 873 1187 haee
894 1125 1039 1200 effecerit,
1055 1139 1172 1208 superat
1185 1126 1336 1187 laomim
1348 1140 1414 1196 arte,

355 1231 490 1306 consssio,
501 1232 671 1314 prudentia,
683 1243 832 1314 potestate.
846 1231 923 1310 Quid
935 1233 1023 1315 igitur
1034 1245 1127 1314 potest
1138 1251 1219 1306 esse,
1231 1232 1291 1292 nisi
1304 1232 1414 1292 Deus?-

218 1335 222 1344 '
354 1336 415 1399 Nee
423 1341 584 1400 testimonia
591 1361 713 1423 congero
722 1341 753 1400 in
764 1343 904 1402 sententia
913 1341 1062 1400 decantata
1072 1363 1081 1398 s
1093 1337 1165 1402 iilud
1173 1339 1281 1400 addam
1291 1385 1301 1413 ,
1313 1339 1412 1422 Qum.

357 1443 521 1526 Quomodo,
542 1445 616 1517 Udi,
636 1444 775 1528 Quando,
796 1445 918 1530 Qualem
930 1445 1031 1508 iecerit
1045 1444 1414 1521 DeusiQuareisua,in-

233 1539 238 1556 ¹
352 1554 472 1634 quiunt,
486 1565 516 1614 et
529 1553 677 1614 homnum
695 1576 791 1615 eausa·
814 1555 916 1638 N⁰t¹¹⁰
929 1555 1005 1616 ‘³³¹¹'
1023 1554 1097 1614 ὼ*
1112 1556 1140 1614 ei
1158 1554 1225 1614 ⁵⁰³⁸
1246 1552 1328 1630 ω’
1343 1573 1413 1635 qm

353 1659 486 1738 potentie
507 1670 537 1718 et
554 1657 687 1719 honimtis
704 1658 880 1744 designatio,
897 1662 928 1721 iu
947 1661 1074 1721 maximo
1089 1661 1260 1742 optimoque
1280 1679 1367 1740 oper
1381 1659 1413 1716 sit

352 1775 474 1826 ostensa.
492 1766 592 1826 Cicero
605 1764 658 1849 (Π
672 1765 718 1827 De
730 1766 798 1828 Nat.
816 1765 925 1850 Deos.)
945 1790 954 1826 s
976 1793 991 1822 ι
1004 1766 1132 1842 Quorum
1152 1767 1245 1848 igitur
1263 1787 1349 1826 causa
1361 1764 1412 1846 quit
1451 1801 1452 1804 ¹

353 1869 459 1931 dixerit
471 1874 604 1933 effectum
619 1894 681 1934 esse
700 1872 871 1935 Mundum?
887 1871 995 1934 Eorum
1007 1873 1117 1934 seilicet
1133 1873 1346 1943 animantium,
1363 1891 1412 1952 qu

351 1977 463 2038 ratione
476 1991 614 2051 utuntur;
629 1979 659 2039 hi
679 1992 747 2041 sunt
760 1980 801 2041 dii
821 1991 851 2040 et
865 1977 994 2040 hominos
1007 2023 1016 2053 ,
1031 1979 1135 2062 quibus
1147 1979 1279 2062 proiecto
1296 1979 1364 2040 nihil
1379 1989 1413 2037 est

349 2083 463 2144 meiius.
477 2109 491 2136 n
504 2083 544 2144 ltt
561 2084 599 2147 de
612 2086 700 2145 ultera
711 2105 781 2146 saue
796 2099 898 2168 parte,
913 2087 1002 2146 nostri
1017 2087 1153 2146 Doctores
1167 2087 1372 2154 eonsensum
1387 2096 1411 2142 at

349 2182 512 2251 lactantius
523 2189 586 2274 (De
599 2191 708 2254 lraDei
720 2237 729 2267 ,
742 2214 805 2276 cap.
823 2190 878 2275 13)
893 2215 901 2253 ε
918 2221 932 2246 o
945 2192 1022 2255 Vera
1035 2206 1080 2268 est
1089 2194 1232 2254 sententis
1245 2191 1410 2262 Stoicorum,
1451 2175 1452 2240 ἓ

349 2297 400 2377 qui
422 2297 503 2357 aium
523 2309 619 2358 nostra
638 2321 723 2359 caasa
739 2299 883 2360 Mundum
906 2319 969 2360 esse
988 2310 1191 2360 constructum.
1218 2297 1327 2358 Omnia
1345 2298 1409 2358 mim
1451 2301 1452 2372 i

348 2404 453 2483 quibus
467 2415 594 2478 constat,
612 2427 732 2487 qunque
747 2416 865 2489 generat
880 2427 917 2466 ex
932 2426 964 2466 se
977 2404 1122 2478 Mundus,
1140 2405 1177 2465 ad
1191 2405 1343 2481 utilitatem
1361 2403 1411 2462 iso-
1451 2459 1452 2472 ,

347 2511 433 2570 minis
444 2511 657 2573 accommodata
667 2523 745 2572 sunt.
758 2539 773 2565 ι»
785 2509 826 2572 Et
836 2511 1000 2596 singillatim
1012 2513 1051 2572 ibi
1062 2513 1228 2593 exsequitur
1239 2536 1250 2570 c
1263 2511 1343 2594 quod
1353 2523 1409 2570 autc
1451 2507 1452 2572 i

347 2637 414 2677 cum
428 2617 527 2679 Cicero
545 2632 693 2693 accurate,
708 2619 753 2680 De
768 2617 877 2680 Natura
891 2618 1011 2679 deorum
1025 2616 1097 2701 (lib.
1113 2615 1172 2700 Π).
1193 2617 1298 2700 Neque
1311 2615 1409 2677 Scnm
1451 2683 1452 2698 ,

346 2721 377 2783 id
391 2736 526 2808 negatum
537 2724 626 2785 voluit
640 2723 734 2807 (baud
745 2725 783 2785 ita
797 2726 858 2786 veri
869 2737 897 2787 et
907 2726 1031 2809 partium
1042 2721 1206 2806 transfuga)
1215 2745 1307 2806 quum
1321 2724 1410 2783 scribit
1451 2707 1452 2762 i

276 2828 279 2834 ’
344 2829 396 2914 (Π
411 2832 455 2892 De
469 2831 516 2892 Ira
530 2854 594 2913 cap.
613 2827 693 2914 27)=
713 2858 727 2886 α
742 2831 807 2892 Nou
823 2831 900 2892 enim
916 2853 968 2892 nos
985 2851 1070 2891 causa
1082 2829 1194 2890 Mundo
1209 2819 1310 2888 snmus
1324 2873 1333 2904 ,
1349 2827 1410 2888 hie-

345 2945 422 2998 'mem
436 2950 617 3019 aestatemque
632 2936 774 2998 referendi
791 2961 800 2996 s
817 2957 883 2998 suas
899 2939 953 2998 ista
966 2938 1043 3021 leges
1057 2935 1183 3009 habent,
1201 2935 1306 3017 quibus
1318 2935 1409 2996 divina

345 3055 524 3104 exercentur.
537 3042 628 3103 Nimis
640 3063 693 3103 nos
704 3045 890 3124 suspicimus,
905 3045 930 3104 si
943 3043 1023 3127 digni
1039 3043 1120 3104 nobis
1133 3041 1272 3115 videmur,
1296 3053 1409 3122 propter

343 3170 415 3231 quos
425 3161 503 3212 tants
511 3162 710 3212 moveantur.»
721 3147 814 3210 Immo
823 3171 906 3222 vcro,
917 3173 935 3210 o
943 3149 1018 3210 bone
1026 3192 1035 3223 ,
1043 3160 1159 3234 propter
1167 3169 1219 3209 nos
1230 3147 1276 3208 vel
1288 3151 1409 3208 maxime

342 3257 398 3314 ista
407 3269 557 3317 moventur
575 3281 584 3316 s
603 3255 655 3317 scd
670 3277 728 3316 nou
744 3256 818 3316 solos
836 3267 889 3316 ret
900 3255 955 3316 hoc
967 3256 1081 3316 voluisti
1100 3253 1216 3315 dictum
1232 3253 1282 3314 Dii
1297 3275 1409 3338 quoque
1451 3303 1452 3344 ζ

342 3344 389 3421 hic
409 3383 474 3421 sues
497 3374 591 3443 partes
613 3361 729 3422 habent.
755 3360 856 3443 Itaque
877 3359 944 3421 alibi
963 3362 1062 3422 scribis
1080 3359 1149 3444 (ld).
1165 3360 1225 3435 vl,
1242 3359 1289 3420 De
1308 3359 1405 3421 Renes.
1451 3409 1452 3424 ,

340 3488 405 3548 cap.
423 3463 506 3547 23)=
529 3493 543 3521 s
557 3467 605 3526 Dii
618 3489 675 3526 non
698 3488 752 3548 per
775 3467 978 3550 negligentiam
993 3490 1045 3528 uos
1063 3489 1208 3551 genuere,
1223 3466 1332 3548 quibus
1353 3483 1408 3528 um

339 3573 430 3634 multa
442 3585 610 3656 genuerant.
626 3573 767 3656 Cogitavit
782 3576 859 3634 enim
874 3596 927 3635 nos
946 3587 1011 3634 aute
1024 3573 1132 3634 Natura
1144 3571 1321 3655 quemfecit.
1336 3601 1352 3628 ι
1366 3574 1408 3634 Ita
1451 3587 1452 3644 i

338 3693 392 3740 st.
407 3679 766 3754 naviamaaaomnem,
783 3693 811 3742 et
826 3681 963 3762 pleraque
976 3683 1030 3742 nn
1043 3681 1152 3742 iamin
1165 3679 1241 3742 seen.
1255 3678 1317 3740 sea
1330 3681 1408 3762 ρ.»

338 3787 420 3846 modo
436 3785 520 3861 iecit,
536 3799 566 3846 ct
580 3807 643 3868 quae
657 3787 825 3867 compositio
838 3799 888 3848 aut
907 3787 1026 3872 digestio
1048 3788 1129 3849 molis
1143 3787 1226 3866 hujus
1240 3785 1317 3847 suit?
1331 3787 1407 3848 Zeno
1451 3789 1452 3858 i

336 3892 415 3974 apud
429 3890 574 3954 Laertium
591 3893 631 3953 ita
653 3892 749 3974 prodit
767 3915 775 3950 a
801 3921 815 3946 ιι
828 3894 921 3954 Deum
945 3896 975 3954 iu
993 3895 1150 3976 principio,
1164 3915 1253 3975 quum
1274 3894 1358 3974 apud
1376 3917 1406 3953 se
1451 3875 1452 3940 i

337 4011 432 4073 esea,
445 3995 605 4059 Essentiam
619 4015 733 4059 omnent
747 4019 800 4082 per
814 4001 951 4061 aeremia
965 4020 1069 4082 aquam
1082 4001 1260 4061 convertisse.
1275 3998 1319 4059 sst
1332 4013 1364 4059 ut
1377 4003 1405 4059 in

337 4099 408 4165 ioetu
420 4126 518 4166 semen
532 4107 704 4182 continetur,
726 4108 766 4166 its
780 4107 874 4168 Deum
889 4109 940 4190 qui
957 4109 1100 4170 seminalis
1121 4108 1205 4168 Ratio
1219 4107 1322 4168 maadi
1338 4120 1402 4173 est,

337 4211 394 4272 tale
417 4233 516 4275 semen
538 4209 687 4296 reliquisse
702 4215 733 4276 iu
756 4209 899 4291 Humido,
923 4216 1000 4298 quod
1021 4216 1132 4280 facilem
1148 4227 1298 4297 aptamque
1324 4215 1403 4296 operi
