2950 4934
346 446 415 542 67⁶
716 449 868 517 sos‘ri
891 449 1052 519 mrsu

346 610 408 651 esse
420 614 429 651 =
440 592 576 673 quoniam
589 603 690 673 sponte
704 590 852 666 bomines,
867 614 957 673 quum
969 593 1005 655 de
1015 614 1047 657 se
1057 608 1107 657 aut
1117 598 1167 657 illo
1176 598 1341 681 loquentiu,
1354 624 1408 661 na-

345 720 415 757 num
428 697 514 758 Cordi
528 698 700 771 admovent,
719 697 802 773 Feci,
824 696 911 775 Dixi,
926 700 1025 775 Sensi,
1042 702 1108 763 ilon
1121 703 1196 779 sesi,
1214 706 1303 779 Dixi,
1318 707 1404 779 Sensi,

344 805 576 885 pronunciantes.
592 804 719 865 Rideat:
733 828 786 865 cur
798 827 856 865 non
868 818 897 867 et
907 806 1114 889 Hippocratem
1127 832 1230 885 sunm,
1247 816 1296 893 qui
1309 816 1347 873 ita
1359 838 1406 895 pa-

344 909 401 969 lanr
415 908 471 991 (de
484 910 616 993 Corde)?
633 938 647 965 ι
663 912 802 994 Cogitatio
822 912 920 987 enim,
943 912 1003 973 sive
1017 912 1102 975 Mens
1118 914 1243 977 bominis
1262 920 1292 979 in
1305 921 1407 979 sinistro

342 1015 503 1075 ventriwlo
516 1013 660 1099 (Cordis)
674 1018 761 1077 insita
775 1028 836 1089 est,
852 1030 880 1077 et
893 1018 1008 1099 relique
1022 1020 1130 1081 Anime
1143 1024 1277 1104 imperat.
1291 1051 1307 1079 s
1321 1030 1407 1088 suso-

342 1122 407 1181 nius
420 1122 498 1183 idean
509 1122 562 1205 (in
577 1122 770 1205 Monosyll.)=

505 1274 590 1334 lens,
601 1290 656 1342 qna
667 1272 757 1323 celesti
768 1290 838 1325 man
850 1274 1051 1341 rigatemeritnm
1062 1294 1127 1327 eor:

504 1362 1001 1431 &rugemfflnndiinstarbabsnh
1015 1368 1288 1435 bnimasvigoraeris.

338 1502 473 1585 Epicurei
487 1506 604 1587 pariter,
620 1508 755 1587 equibus
767 1505 915 1567 Lucretius
925 1505 998 1589 (lib.
1014 1506 1103 1591 111),

503 1662 654 1724 Consilium,
666 1661 919 1731 quoduosbnimam
929 1664 1229 1733 lentsmqnsroosmus,

503 1753 581 1823 quue
592 1753 666 1803 sitnm
676 1751 758 1803 media
767 1754 868 1821 ragione
880 1756 906 1803 in
917 1754 1023 1823 pectoris
1035 1752 1124 1816 haret,

337 1903 465 1971 ponunt,
488 1890 624 1970 inquam,
644 1890 691 1948 vel
712 1890 744 1947 in
763 1890 827 1969 ipso
852 1888 966 1963 Corde,
986 1902 1036 1949 aut
1055 1890 1087 1949 iu
1109 1889 1228 1951 Pectore
1255 1893 1341 1951 circa.
1364 1891 1403 1949 lle

333 1996 435 2057 Stoicis
450 1997 573 2055 sensisse
588 1997 674 2055 edam
701 1994 879 2055 Lactantium
901 2008 989 2077 puto,
1014 2018 1103 2077 quum
1125 1997 1257 2057 Mentem
1280 2026 1295 2051 ιι
1308 2012 1356 2057 aut
1377 2000 1402 2057 in

333 2102 459 2165 medulla
479 2104 588 2165 cerebri
609 2102 743 2163 boerere»
762 2102 828 2162 iacit
841 2101 902 2185 (de
916 2100 1009 2183 opit,
1034 2124 1098 2183 oap.
1119 2099 1192 2184 ιδ),
1217 2106 1297 2187 quod
1312 2103 1401 2173 Plato3

336 2237 350 2262 a
364 2222 414 2269 aut
427 2211 457 2268 in
476 2209 525 2269 illo
542 2210 682 2291 sanguine
698 2209 850 2289 bipertito,
866 2210 915 2289 qui
931 2220 974 2268 est
987 2208 1114 2269 inclinus
1134 2212 1163 2269 in
1182 2211 1292 2284 sorde,
1305 2238 1319 2263 ι
1334 2212 1402 2291 qrsod

335 2316 441 2375 Nostri.

638 2546 982 2609 nlsssnrsrlo
1010 2548 1106 2611 XIX.

394 2726 1345 2814 Arusnapmmnsmmaaaejmuamnma.

374 2942 537 3001 Pasncrseu
549 2941 609 3019 jam
622 2951 748 3020 partem,
763 2938 831 3013 Qnae
846 2940 902 3013 sit,
918 2952 947 2999 et
960 2939 1038 3015 Ubi,
1051 2940 1133 3001 vides
1150 2965 1159 3001 ε
1175 2964 1195 3001 o
1206 2964 1295 3024 qnam
1306 2946 1404 3003 mea-ito

334 3051 375 3107 sio
386 3040 509 3107 dicbm!
521 3046 642 3105 Animus
653 3044 701 3104 ille
712 3057 755 3104 ost
770 3072 784 3097 s
793 3044 853 3105 dux
865 3058 950 3127 atque
961 3046 1114 3128 imperator
1124 3048 1187 3107 vira
1199 3050 1362 3109 mortalium
1372 3072 1403 3107 :-
1456 3060 1457 3129 i

333 3154 409 3215 idern
426 3180 440 3207 a
450 3166 542 3213 rector
554 3151 671 3212 humani
685 3153 808 3232 generis,
825 3153 981 3235 agitatque
996 3152 1083 3213 babet
1096 3166 1220 3227 cuncta,
1236 3176 1333 3237 neque
1348 3158 1405 3236 ipse
1456 3142 1457 3155 ¹

333 3259 462 3319 babetur.
478 3286 492 3312 κ
508 3256 640 3340 (Sallust.
656 3254 786 3339 lngus-t.)
799 3258 852 3318 Vis
866 3260 1073 3339 prestantium,
1088 3273 1117 3320 et
1131 3282 1211 3341 pane
1228 3262 1405 3323 divinitatem

333 3368 396 3446 ejus
415 3366 534 3427 videre?
548 3364 653 3425 Omnia
668 3376 813 3424 momento
835 3364 983 3445 pervadit,
1001 3363 1143 3427 sideribus
1164 3368 1310 3443 velocior,
1330 3372 1408 3451 cogi-

323 3474 438 3533 'tntione
454 3472 593 3545 velocior,
613 3471 789 3550 temporibus
804 3470 939 3531 velocior.
963 3469 1040 3546 Quid
1063 3471 1175 3533 dicum?
1196 3496 1279 3553 pene
1300 3475 1408 3556 ubique

333 3594 385 3641 est.
407 3580 580 3659 «Corpora,
595 3578 635 3636 ait
653 3576 763 3637 Seneca
781 3574 838 3657 (de
856 3576 957 3637 benef.
978 3577 1044 3653 111,
1060 3602 1087 3639 e.
1104 3578 1180 3661 ao),
1200 3580 1329 3642 obnoxia
1344 3596 1408 3641 sunt

329 3699 358 3747 et
375 3685 516 3766 adscripta
536 3682 658 3743 dominis
672 3706 681 3741 ε
693 3704 775 3743 mens
789 3682 907 3764 quidem
921 3684 965 3743 sui
979 3684 1071 3763 iuris,
1091 3706 1153 3767 que
1172 3684 1245 3744 adeo
1263 3686 1361 3747 libera
1381 3701 1405 3749 et
1455 3764 1456 3771 ἵ

327 3813 399 3875 vaga
420 3804 480 3867 est,
503 3803 537 3851 nt
551 3812 606 3850 nec
624 3790 661 3851 ab
673 3789 727 3849 boc
742 3790 859 3871 quidem
880 3812 1015 3864 camme,
1038 3792 1084 3851 eui
1105 3792 1213 3851 inclusa
1233 3806 1296 3867 est,
1315 3797 1406 3855 teneri
1455 3772 1456 3783 ἵ

324 3912 411 3981 queat
422 3942 432 3973 ,
453 3920 510 3981 quo
527 3899 622 3957 minus
634 3898 744 3978 impetu
753 3918 806 3956 suo
817 3910 925 3973 ututur,
941 3909 970 3959 et
983 3900 1015 3959 in
1026 3900 1169 3959 inlinitum
1179 3920 1276 3959 eomes
1289 3902 1406 3961 oelesti·

324 4008 379 4067 bas
388 4018 502 4066 exeat.»
513 4004 590 4079 Quid
598 4005 655 4076 uis,
671 4004 788 4064 comes?
800 4005 888 4065 immo
902 4017 1073 4067 antecessor.
1089 4005 1135 4065 Tu
1146 4007 1208 4087 ipse
1224 4008 1295 4067 alibi
1309 4006 1406 4089 (lide

323 4112 449 4185 Bonei,
471 4133 535 4193 cap.
553 4108 635 4195 29)=
652 4136 666 4163 a
679 4111 783 4169 animo
798 4110 871 4171 nibil
887 4134 945 4173 non
962 4112 1083 4187 eodem,
1104 4135 1162 4195 qno
1182 4114 1324 4190 intendit,
1341 4138 1406 4177 mo-

324 4232 421 4280 mento
437 4220 568 4300 pervium
584 4231 647 4289 est,
663 4218 807 4278 sideribus
825 4218 960 4293 velocior,
977 4242 1098 4301 quorum
1114 4234 1179 4303 post
1194 4222 1285 4284 multa
1302 4225 1404 4285 mida
