2950 4934
185 410 188 414 *
314 404 381 536 {50
679 459 830 530 JusT1
854 459 1013 530 LIPSII

311 608 429 670 dietum.
446 606 505 668 bed
519 605 593 666 nibil
606 605 660 664 boe
672 615 770 666 temen
784 602 886 687 (eluit,
903 601 990 684 absit)
1005 603 1192 666 heudone·
1202 607 1285 685 ejus,
1298 619 1348 666 snt
1358 617 1386 666 et

309 698 482 796 presentie,
498 713 529 771 in
544 711 614 773 loeis
630 712 735 773 nornis
749 709 849 772 inieris
865 709 984 794 deteget
999 734 1009 770 r
1025 710 1105 794 quod
1120 711 1305 785 Aristoteles,
1321 711 1385 772 En-

310 821 436 901 ripides,
452 833 482 879 et
493 819 564 888 tales
577 819 627 880 elii
640 819 775 879 ridentur
788 819 944 880 censuisse.
957 817 1068 880 Primus
1079 819 1128 878 ille
1140 818 1258 900 quduu
1271 831 1382 900 operte,

308 926 340 984 in
355 926 453 986 libello
468 923 513 986 De
528 924 652 994 deo,
671 925 722 985 ubi
742 925 789 986 vel
811 924 938 985 maxime
957 923 1169 990 Providentiam
1188 925 1314 986 debebst
1329 926 1384 985 sd-

308 1045 436 1106 etruere,
450 1033 492 1092 sie
505 1034 720 1092 tsmeosentite
736 1043 795 1092 «ut
808 1031 887 1092 Dens
902 1035 939 1093 sit
952 1033 983 1094 in
998 1033 1071 1092 Gelo
1083 1033 1381 1110 otloeoillosummo,

308 1152 370 1202 tum
385 1140 524 1221 proximis
537 1140 701 1221 quibusqm
714 1160 799 1204 suum
815 1161 923 1199 numen
938 1151 967 1200 et
980 1139 1041 1200 vim
1054 1140 1224 1222 participet,
1240 1141 1381 1221 usquead

307 1243 386 1304 bune
399 1246 495 1307 locum
508 1257 538 1306 et
550 1244 649 1312 sedem
662 1257 799 1305 nostrum.
817 1243 875 1306 Sed
889 1245 1008 1306 Terram
1024 1257 1054 1306 et
1067 1258 1198 1320 terrene,
1214 1267 1302 1328 quam
1316 1246 1383 1308 ton.-

257 1351 273 1418 ,·“
306 1353 423 1434 gissim
443 1375 461 1411 o
481 1351 671 1412 beneboeutio
694 1354 756 1441 ejus
777 1364 807 1412 et
827 1351 1000 1422 adminiculo
1015 1353 1131 1426 obesse,
1148 1352 1273 1434 ideoque
1288 1373 1322 1412 es
1336 1351 1381 1410 bie

280 1507 284 1514 .
306 1463 399 1526 Moti
409 1457 511 1540 (verbo
520 1459 654 1540 ponende
664 1457 744 1540 sunt)
756 1465 800 1520 sul
810 1463 975 1525 &medule
984 1460 1061 1533 eleos,
1075 1465 1118 1520 ml
1130 1464 1226 1528 relide
1236 1465 1321 1541 plur·
1328 1483 1381 1520 es-

305 1578 391 1648 ραχῆς
406 1587 415 1623 2
430 1564 560 1639 infirmo,
578 1577 608 1624 et
628 1564 704 1628 mole
725 1565 801 1624 iuter
825 1585 856 1624 se
876 1563 1012 1628 boerentiu
1034 1577 1084 1624 out
1104 1587 1231 1648 eongnu
1248 1587 1331 1638 esse,
1348 1587 1380 1624 se

305 1672 402 1732 multe
423 1671 646 1752 perturbationis
666 1673 764 1754 plens.
777 1697 792 1726 ι
818 1671 843 1730 0
863 1673 904 1732 mi
926 1670 1037 1754 sopbe,
1062 1693 1099 1734 ne
1118 1671 1237 1732 dixeris.
1254 1672 1336 1731 Dens
1349 1686 1381 1732 nt

304 1777 451 1842 bominem
466 1778 544 1840 buno
557 1780 701 1864 negliget,
718 1781 877 1841 autminus
895 1801 982 1862 quun
997 1781 1070 1844 uelis
1093 1793 1143 1840 out
1156 1783 1216 1841 ueri
1231 1779 1379 1844 intendat:

304 1889 385 1968 eujus
400 1909 487 1947 euusa
502 1889 598 1948 omnia
617 1886 705 1948 lecit?
724 1889 783 1946 Aut
801 1887 881 1958 Deus
895 1888 936 1950 sie
950 1901 1071 1969 ungusta
1085 1889 1191 1948 mentis
1204 1889 1266 1948 scie
1280 1889 1332 1961 sit,
1349 1899 1381 1946 ut

305 2017 364 2055 nou
378 1995 579 2075 nisiproximu
591 1993 689 2054 videat
702 2006 858 2075 curetque,
873 1993 987 2076 longius
1001 1995 1056 2057 site
1069 1995 1219 2076 paullatim
1233 1995 1378 2078 negligat?

303 2101 420 2160 Inscitia
436 2101 490 2158 boe
505 2112 614 2172 totum,
631 2111 681 2178 apt
697 2100 830 2179 impietus
845 2123 853 2158 ι
870 2111 899 2159 et
915 2101 1002 2180 prisci
1023 2121 1092 2162 esne
1110 2113 1240 2162 auctores
1258 2099 1378 2180 objece-

303 2220 380 2267 runt.
407 2205 576 2265 Pluterebus
594 2205 660 2288 (De
687 2206 786 2266 Pleuit.
815 2205 862 2280 11,
888 2226 952 2288 unp.
969 2205 1004 2289 3)
1021 2231 1031 2265 ι-
1051 2207 1246 2267 «Aristoteles
1260 2221 1375 2280 censet,

302 2335 398 2394 neque
412 2315 568 2372 animatum
583 2312 739 2386 mundum,
757 2333 852 2392 nequo
866 2293 1045 2394 previdentia
1060 2315 1225 2396 gubernari.
1237 2341 1251 2367 n
1268 2316 1376 2373 Atticm

302 2421 380 2501 epud
395 2419 552 2480 Eusebium
575 2444 583 2478 ι
607 2420 802 2479 «Aristoteles
824 2441 915 2500 usque
935 2419 972 2480 ud
991 2420 1101 2482 Lunum
1121 2421 1198 2482 Deos
1218 2403 1375 2498 collocans,

217 2505 220 2513 '
300 2527 412 2608 reliqua
425 2526 530 2587 nunu
544 2526 672 2586 exuunt
688 2548 704 2584 a
723 2525 943 2618 emisenus
960 2528 1119 2602 nauseas,
1143 2540 1172 2586 e
1192 2528 1242 2601 nn
1262 2529 1374 2588 essum

300 2645 480 2707 uostrurunr,
497 2632 616 2713 culpant
630 2655 639 2690 z
657 2634 710 2692 etsi
724 2653 783 2691 non
800 2645 898 2713 operte
921 2634 950 2692 in
970 2634 1051 2692 libris
1065 2635 1115 2715 qui
1129 2647 1243 2694 exstant
1257 2635 1287 2694 id
1300 2635 1374 2698 scti-¹

300 2741 376 2820 psit;
400 2738 453 2800 sed
473 2739 521 2798 vel
542 2761 579 2798 ex
600 2739 636 2798 iis
655 2750 753 2797 tumen
775 2737 914 2800 hauritur.
930 2739 1051 2800 ·0mitto
1070 2739 1207 2802 diducere
1223 2765 1232 2799 ι
1248 2753 1278 2800 st
1290 2739 1373 2800 Stoici

301 2859 407 2928 quanto
424 2847 528 2906 elarius
541 2845 597 2904 boe
610 2857 721 2919 totum,
738 2859 767 2905 et
782 2847 926 2906 sanetius?
941 2847 1011 2928 quin
1024 2849 1117 2908 Deum
1132 2847 1224 2908 videri
1237 2849 1331 2906 omnia
1347 2861 1374 2907 et

301 2975 417 3027 omnes,
435 2964 465 3013 et
478 2973 594 3026 curare,
612 2964 697 3032 utque
718 2953 803 3011 etium
825 2951 1042 3034 cogitationibus
1058 2955 1196 3014 interesse
1211 2954 1371 3016 voluerunt.

300 3061 377 3136 Quid
387 3063 464 3142 ipsos
473 3059 625 3120 homines?
636 3059 726 3119 attolli
737 3060 773 3119 ad
785 3061 894 3134 Deum,
912 3073 940 3120 et
951 3074 1061 3142 putrem
1074 3063 1171 3136 illum,
1183 3076 1371 3136 servatorem,

301 3189 334 3227 ae
355 3169 483 3249 quotidie
506 3169 688 3241 beneficum,
711 3167 844 3230 laudibus
867 3169 1058 3250 precibusque
1083 3171 1226 3229 venerari.
1249 3168 1373 3251 Epicteti

299 3274 406 3349 verbo,
422 3297 532 3355 queso,
548 3274 714 3349 audiemus,
732 3285 761 3334 et
785 3287 950 3356 stupeamus
971 3269 1008 3334 nd
1029 3297 1063 3336 ea
1077 3320 1085 3349 ,
1101 3298 1138 3335 an
1156 3288 1185 3336 et
1198 3275 1372 3344 iubeamus?

299 3394 463 3460 utrumque.
483 3405 497 3433 ιι
510 3380 539 3439 si
558 3382 620 3439 sani
636 3382 741 3453 simus,
758 3379 829 3460 quid
844 3380 922 3440 eliud
936 3381 1019 3442 nobis
1035 3381 1197 3463 egendum,
1216 3395 1244 3442 et
1258 3383 1372 3463 publice

300 3500 329 3548 et
345 3489 493 3568 privatim,
512 3509 598 3568 quem
613 3488 726 3548 Numen
743 3487 964 3560 celebrandum,
981 3501 1009 3548 et
1020 3488 1214 3562 laudandum,
1228 3502 1256 3548 et
1267 3491 1371 3572 gentius

297 3593 518 3677 persolvendum
529 3594 586 3653 est?
597 3594 698 3654 Nonne
708 3607 737 3654 et
748 3595 823 3653 inter
832 3593 1015 3668 fodiendum,
1030 3606 1058 3654 et
1067 3594 1222 3668 arandum,
1236 3608 1265 3654 et
1277 3595 1372 3654 eden-

299 3701 385 3777 dum,
398 3699 522 3782 hymnus
532 3699 580 3759 bie
594 3701 752 3760 cantandus
766 3713 809 3760 est
823 3701 907 3760 Deo?
921 3701 1044 3784 Magnus
1060 3715 1103 3760 est
1113 3703 1205 3776 Deus,
1223 3705 1273 3784 qni
1288 3703 1372 3761 nobis

296 3811 485 3870 instrumente
494 3805 568 3881 hec,
586 3808 690 3887 quibus
701 3820 806 3868 ternum
821 3808 956 3882 colimus,
972 3807 1060 3868 dedit.
1074 3807 1197 3891 Magnus
1211 3808 1306 3882 Deus,
1319 3809 1369 3889 qui

295 3937 398 3976 monus
412 3913 509 3989 dedit,
526 3915 577 3995 qui
592 3916 651 3974 vim
668 3913 857 3996 diglutiendi,
875 3917 925 3996 qui
941 3916 1135 3986 stomachum
1153 3917 1202 3997 qui
1218 3914 1323 3988 eflicit,
1337 3929 1369 3973 nt

294 4023 416 4083 latentes
435 4021 646 4095 adolescemus,
669 4033 702 4080 ut
720 4021 892 4080 dormientes
914 4025 1094 4102 respiremus.
1118 4023 1187 4082 Heu
1202 4024 1322 4106 singulis
1337 4025 1368 4081 in

294 4131 379 4192 rebus
389 4128 622 4199 cantandarum
634 4141 663 4187 et
673 4127 797 4207 hymnus
807 4127 1000 4189 divinissimus
1009 4131 1176 4205 contenduS,
1189 4131 1265 4213 quod
1274 4131 1366 4190 intel-

291 4238 400 4296 lectum
411 4258 507 4296 rernm
518 4236 639 4308 dederit,
653 4234 730 4315 quod
738 4236 796 4294 vim
807 4238 1004 4318 rationemque
1015 4233 1146 4300 utendi.»
1159 4237 1235 4320 (Lib.
1248 4237 1263 4296 l
1272 4281 1281 4313 ,
1294 4237 1365 4296 Dis-
