2950 4934
424 430 688 501 EPISTOLA
712 429 880 499 cxvrr.
1128 461 1190 529 291

122 562 319 634 indifferens
328 576 392 645 est,
406 560 495 631 bene
504 560 636 631 valere¹
650 558 852 629 indifferens
862 562 1087 633 ctesifontis
1096 564 1197 635 indif-

123 682 232 749 ferens
258 694 331 765 eet3
354 694 390 746 et
410 678 593 747 formosum
615 700 701 746 esee.
728 678 764 747 si
775 677 908 769 justitia
923 676 1052 747 bonum
1070 697 1143 767 est,
1162 698 1196 751 et
1221 694 1238 746 t

119 799 244 891 justum
256 796 466 865 essebonum
482 810 545 865 est.
560 796 595 865 Si
607 792 784 887 turpitudo
795 793 921 863 malum
934 811 1004 877 eet,
1017 812 1052 864 et
1061 814 1196 892 turpem

124 912 329 983 eseemalum
341 928 392 982 est
405 938 413 980 ε
427 928 493 981 tam
505 962 514 993 ,
528 911 761 995 mehercules,
774 936 894 1003 quam,
908 913 937 979 si
948 910 1118 1008 lippitudo
1129 942 1198 986 ma·

124 1030 190 1099 lum
204 1046 275 1113 est,
290 1029 416 1123 lippire
425 1053 561 1123 quoque
570 1028 695 1099 malum
706 1043 770 1095 eet.
783 1030 857 1097 Hoc
865 1044 904 1097 ut
913 1028 1020 1115 scias,
1036 1048 1197 1101 neutrum

127 1168 199 1214 esse
210 1148 284 1214 sine
295 1145 402 1215 altero
412 1160 535 1239 potest.
553 1144 625 1237 Qui
635 1145 741 1237 sapit,
757 1146 893 1238 sepiens
904 1160 956 1213 eet
967 1174 978 1233 3
990 1147 1049 1238 qui
1063 1150 1198 1242 sapiens

125 1277 191 1345 est,
213 1264 313 1356 sapit.
332 1261 426 1333 Adeo
440 1288 509 1333 non
524 1277 635 1357 potest
649 1260 821 1346 dubitari,
837 1286 903 1347 an,
919 1260 1020 1355 quale
1034 1262 1122 1331 illud
1133 1266 1195 1351 eit,

123 1377 189 1447 tele
209 1377 274 1447 hoc
292 1380 352 1461 sit,
367 1396 406 1446 ut
422 1376 626 1470 quibusdum
644 1392 830 1469 utrumque
848 1400 955 1444 unum
972 1379 1131 1448 videatur
1146 1398 1201 1451 at·

124 1518 191 1585 que
209 1494 311 1563 idem.
344 1495 413 1565 Sed
435 1492 523 1563 illud
544 1490 693 1563 libenter
715 1494 934 1585 quaesierim:
955 1518 1060 1587 quum
1086 1499 1199 1567 omniu

123 1624 181 1677 aut
194 1607 285 1679 bona
301 1609 387 1693 sint,
409 1624 468 1678 eut
481 1608 589 1689 mala,
602 1623 662 1677 aut
674 1606 908 1676 indifferentia
922 1635 933 1695 3
950 1632 1070 1701 sapere
1084 1610 1121 1677 in
1131 1635 1200 1702 quo

124 1748 266 1793 numero
280 1726 323 1793 sit
338 1726 352 1793 P
371 1728 502 1795 Bonum
518 1740 647 1819 negant
661 1749 757 1809 esse3
773 1724 898 1792 mulum
911 1727 1032 1818 utique
1045 1752 1116 1796 non
1129 1745 1199 1797 eet:
1224 1760 1243 1813 9

124 1844 293 1936 sequitur,
316 1860 354 1912 ut
372 1840 524 1911 medium
542 1843 598 1909 sit.
615 1840 655 1909 Id
671 1855 784 1909 autem
803 1839 955 1909 medium
972 1857 1076 1934 atque
1095 1843 1202 1913 indit-

124 1959 239 2029 serens
253 1984 431 2046 vocamus,
449 1956 544 2052 quod
557 1974 625 2026 tam
639 1956 727 2025 malo
741 1946 962 2049 eoutiugere‚
979 1982 1082 2051 quam
1095 1959 1198 2043 bono,

124 2080 261 2170 poseit²
288 2102 296 2142 :
317 2093 478 2170 tanquam
505 2076 670 2169 pecunia,
690 2074 799 2143 sorma
811 2124 822 2159 ,
844 2074 1018 2145 nobilitas.
1039 2079 1135 2165 Hoc,
1164 2097 1203 2149 ut

125 2194 234 2285 sepiat
245 2240 255 2275 ‚
268 2192 469 2285 contingere
482 2188 651 2257 nisibeno
666 2212 736 2257 nou
753 2204 886 2281 potest:
903 2212 987 2283 ergo
1003 2189 1203 2263 indifferens

85 2366 94 2377 ,
124 2332 196 2375 non
216 2322 279 2376 est.
300 2307 406 2399 Atqui
425 2330 470 2373 ne
489 2304 615 2374 malum
636 2303 777 2397 quidem
792 2321 865 2386 eet,
890 2305 984 2397 quod
1002 2310 1203 2403 contingere
1230 2322 1240 2333 “

125 2426 216 2494 malo
239 2449 310 2495 non
332 2440 466 2517 potest:
486 2447 568 2515 ergo
593 2422 720 2491 bonum
741 2435 815 2491 est·
832 2421 956 2513 Quod,
981 2424 1049 2492 uisi
1071 2425 1200 2511 bonus,

124 2566 196 2611 non
217 2541 343 2626 habet,
368 2539 497 2609 bonum
520 2553 594 2625 eet3
615 2560 736 2630 supere
763 2558 834 2605 uon
851 2538 918 2604 nisi
941 2536 1051 2607 bonus
1070 2541 1200 2611 habet:

125 2680 212 2751 ergo
227 2656 357 2725 bouum
374 2654 661 2724 eet—Accidens
678 2667 749 2737 est,
768 2652 880 2744 inquit
894 2646 930 2734 .³,
954 2654 1204 2748 Sapientiae,-
1227 2692 1257 2726 ,ο

125 2774 201 2840 Hoc
229 2796 313 2865 ergo
338 2770 431 2864 quod
450 2794 552 2839 vocas
572 2792 719 2862 sapere,
741 2784 857 2836 utrum
878 2768 959 2837 facit
975 2772 1199 2864 sapientiam,

124 2912 170 2956 an
187 2890 345 2982 petitur?
361 2888 439 2958 Sive
454 2886 534 2955 fecit
549 2885 655 2969 illud,
677 2886 750 2953 sive
769 2886 916 2979 patitur,
934 2896 1081 2979 utroque
1102 2891 1203 2959 modo

124 3027 255 3097 corpus
267 3019 332 3073 ert.
347 3006 451 3087 Nam,
469 3019 504 3071 et
518 3002 611 3097 quod
625 3003 685 3084 fit,
703 3016 738 3069 et
750 3001 844 3093 quod
856 2995 973 3087 taciti,
983 3026 1113 3099 ‚eorpus
1128 3024 1199 3077 eet:

126 3124 155 3189 ei
170 3144 298 3214 eorpus
316 3135 384 3202 est,
412 3119 539 3187 bonum
560 3135 635 3187 est:
659 3142 766 3186 unum
792 3120 884 3187 enim
903 3119 1021 3190 deerat
1043 3123 1115 3207 illi,
1136 3150 1205 3217 quo

125 3238 242 3305 miuus
257 3234 385 3303 bouum
399 3250 504 3319 esset,
526 3233 617 3327 quod
632 3234 848 3329 incorporale
866 3253 951 3305 erut.

175 3352 415 3446 Peripateticis
432 3351 565 3445 placet,
591 3349 680 3418 nihil
699 3352 864 3420 interesse
882 3355 973 3423 inter
996 3356 1205 3449 Sapientiam

124 3484 161 3537 et
174 3491 318 3563 sapere,
339 3490 444 3559 quum
461 3467 498 3535 in
511 3464 675 3535 utrolibet
690 3492 808 3538 eorum
821 3485 857 3537 et
870 3468 1016 3541 alterum
1027 3474 1083 3541 sit.
1099 3477 1207 3544 Num-

126 3662 216 3717 monis
227 3682 292 3729 usu,
307 3660 351 3714 sed
362 3680 460 3733 semper
472 3660 552 3715 illeso
561 3680 644 3713 seusu.
729 3662 753 3713 3.
767 3664 894 3715 Accidens
912 3674 965 3728 est,
980 3668 1066 3733 inquit
1073 3654 1086 3730 ¹,
1097 3666 1207 3720 Stoicus.

164 3764 187 3797 r.
198 3742 275 3798 Bene
283 3744 372 3808 velers
385 3739 537 3811 indffinm
548 3750 594 3792 est.
603 3739 646 3792 Sie
696 3738 793 3805 Vides,
816 3740 995 3810 Peripateticos
1015 3741 1141 3815 imprimis
1162 3744 1207 3797 has

126 3822 165 3875 R.
177 3834 204 3875 et
215 3824 250 3875 A.
263 3818 352 3891 Vulgo
364 3828 389 3871 et
402 3820 500 3881 valere,
516 3830 562 3869 etc.
576 3817 647 3869 Om-
696 3815 843 3869 Stoicorum
852 3818 1033 3891 disputationes
1039 3821 1209 3895 impugnasse.

127 3902 173 3955 uis
183 3902 231 3955 ista
239 3902 332 3954 desunt
341 3918 368 3951 a.
376 3910 401 3952 et
407 3898 499 3957 eutis
510 3898 569 3950 item
579 3916 646 3950 nen·
695 3892 778 3945 Nobis
786 3902 876 3946 tamen
889 3893 956 3947 nihil
966 3915 995 3947 ex
1009 3916 1097 3951 sorum
1110 3901 1209 3953 reniu-

127 3978 203 4033 nulla
217 4000 246 4033 ex
256 3977 329 4033 libris
341 3976 382 4030 hic
391 3976 558 4041 correximus;
569 3987 597 4027 ut
608 3974 647 4028 in·
695 3972 834 4025 talionibus
846 3973 963 4026 relietum
975 3988 1020 4028 ert.
1033 3976 1124 4030 Iliadis.

125 4061 176 4113 irs.
191 4057 251 4130 Qui
259 4059 367 4125 sapit...
380 4058 427 4125 qui
437 4058 606 4123 sopierunt,
617 4072 647 4106 ex
729 4052 754 4116 4.
771 4052 852 4123 Quod
852 4053 942 4123 fit,et
949 4056 1022 4123 quod
1020 4055 1209 4125 sucit,curpus

126 4156 156 4191 a.
168 4156 192 4191 c.
203 4136 239 4187 A.
252 4134 297 4187 ubi
308 4132 387 4206 vulgo
402 4132 518 4203 Quod...
529 4132 607 4199 quud.
618 4130 647 4182 S.
695 4141 742 4183 est.
761 4130 829 4182 Vide
848 4129 996 4204 Physiolog.
1016 4132 1094 4187 Steic.
1112 4134 1156 4186 lib.
1170 4136 1209 4203 11,

163 4236 190 4268 2.
207 4213 299 4269 Possit
307 4230 354 4265 ms.
365 4230 393 4264 a.
404 4208 492 4283 Vulgo
500 4216 593 4278 potest.
606 4208 635 4260 S.
697 4208 803 4261 Dissert.
820 4208 864 4262 lv.
876 4210 992 4277 lipsius.
