2950 4934
292 446 358 534 ru
684 441 978 514 ExcttuPTA

338 574 513 644 Morieris.
525 575 594 642 lata
606 571 756 642 hominia
766 588 888 644 natura
900 585 971 654 eat,
986 593 1056 641 non
1065 593 1177 664 poena.
1191 573 1374 642 Morieria.
1468 567 1469 590 ¹

289 693 364 770 Hac
372 687 567 758 conditione
580 690 725 776 intravi,
741 703 781 760 ut
792 690 935 760 exirem.
952 688 1127 758 Morieria.
1138 689 1300 759 Gentium
1310 688 1377 780 jus

289 820 356 894 eat,
379 803 678 900 qnodaoceperia,
696 805 856 876 reddere.
874 806 1047 876 Morieria.
1063 805 1298 899 Peregrinatio
1318 818 1378 872 eat
1469 817 1470 844 ¹

288 923 372 991 vita.
392 922 540 991 Multum
561 947 668 1015 quum
686 921 978 1010 deambulaveris,
998 921 1135 992 domum
1151 919 1374 992 redeundum

171 1077 175 1088 ·
289 1055 355 1108 est.
380 1041 552 1110 Morierio.
577 1041 742 1113 Putabam
771 1057 805 1110 te
827 1041 960 1133 aliquid
980 1041 1059 1110 novi
1080 1040 1215 1126 dicere3
1234 1036 1279 1108 ad
1297 1039 1376 1108 hoc

288 1157 389 1239 veni,
408 1155 476 1226 lroc
492 1182 577 1252 ago,
599 1159 669 1228 huc
685 1181 740 1228 mn
758 1157 885 1252 singuli
904 1156 979 1228 dica
997 1155 1185 1227 adducunt.
1206 1141 1376 1225 Naaoenti
1470 1226 1471 1252 g

289 1273 374 1342 mihi
391 1288 513 1342 natura
526 1274 682 1368 protinus
698 1275 792 1343 hunc
805 1276 920 1367 potuit
933 1275 1129 1344 terminum.
1146 1270 1242 1367 Quid
1253 1272 1376 1342 haben
1470 1261 1471 1348 J

289 1389 384 1482 quod
401 1389 585 1482 indigner?
601 1393 642 1460 ln
659 1387 735 1460 lraec
752 1391 859 1462 verba
874 1391 1003 1485 juravi.
1025 1392 1196 1462 Morierie.
1217 1389 1375 1460 Stultum

289 1522 342 1576 eat
365 1508 508 1590 timere,
532 1506 627 1601 quod
650 1510 760 1579 vitare
782 1533 852 1578 non
875 1510 1001 1602 poesim
1021 1508 1113 1578 istud
1131 1530 1200 1576 uon
1217 1508 1347 1600 effug-it
1359 1557 1372 1592 ,

289 1622 391 1693 etiam
409 1625 470 1715 qui
489 1622 635 1696 distulit.
651 1626 826 1696 Morieria.
851 1629 924 1696 Nec
943 1625 1098 1719 primun,
1119 1649 1183 1694 nec
1201 1624 1373 1708 nltimna;
1471 1655 1472 1674 κ

289 1738 388 1806 multi
406 1763 460 1808 me
473 1756 729 1810 antecesserunt
738 1792 750 1826 ,
767 1765 886 1812 omnca
899 1757 1098 1834 sequentur.
1114 1741 1285 1810 Morieria.
1302 1741 1375 1808 Hic
1471 1767 1472 1786 ¹

288 1868 341 1920 est
361 1853 504 1922 hnmani
525 1854 630 1923 officii
649 1855 741 1923 linia.
764 1856 855 1950 Quin
876 1879 977 1925 sanna
996 1857 1205 1924 exauctorari
1223 1853 1375 1922 molente

288 1969 394 2039 tulit?
413 1971 493 2065 Quo
518 1973 641 2040 transit
658 1971 774 2058 orbis,
796 1997 860 2067 ego
881 1971 1051 2059 tranaib03
1073 1971 1118 2041 ad
1140 1972 1227 2039 hanc
1242 1972 1377 2040 condi-

288 2089 416 2156 tionem
435 2101 559 2156 cuncta
577 2088 780 2180 gignuntur.
804 2089 909 2181 Quod
928 2090 1051 2180 coepit,
1072 2103 1106 2154 et
1129 2086 1265 2156 desinit.
1285 2089 1375 2155 Mo·
1472 2099 1473 2138 l

289 2204 401 2271 rieric.
415 2203 510 2270 Nihil
523 2225 628 2295 grave
639 2219 712 2288 eat,
728 2203 820 2295 qnod
831 2203 935 2272 cernel
945 2217 1007 2272 est.
1024 2203 1083 2271 AEs
1093 2201 1239 2270 alienum
1251 2226 1376 2272 meum

288 2320 387 2407 novi3
405 2317 472 2387 hon
490 2316 632 2410 quidem
649 2342 727 2388 cum
744 2339 784 2412 eo
801 2317 971 2388 creditore
989 2319 1164 2401 contraxi,
1185 2319 1239 2386 cui
1260 2316 1374 2388 deco·

288 2461 397 2530 quere
413 2461 484 2506 non
502 2460 650 2530 possm.
672 2437 844 2506 Morieria.
869 2437 928 2508 Dii
952 2431 1089 2506 melina!
1109 2439 1215 2504 Nemo
1233 2435 1300 2506 hac
1331 2461 1374 2506 re
1473 2448 1474 2500 l

289 2554 411 2626 melino
428 2554 630 2625 mortalibus
648 2556 771 2623 minari
791 2567 914 2648 potest.

337 2672 407 2744 Sed
418 2671 655 2743 decollaberis.
672 2673 770 2767 Quid
783 2673 946 2757 intereat,
965 2689 1081 2744 utrum
1092 2675 1208 2742 'ctetim
1221 2674 1372 2759 moriar,

288 2817 334 2862 an
348 2791 530 2885 punctim?
544 2790 613 2861 Sed
628 2813 719 2884 cape
729 2785 1052 2876 'ferieria„etmnlti
1066 2792 1103 2859 in
1117 2807 1151 2860 te
1165 2789 1270 2884 gladii
1282 2815 1375 2860 con-

288 2923 441 2979 current.
458 2906 555 3002 Quid
571 2907 695 2993 refert,
710 2931 813 3000 quam
832 2908 938 2978 multa
952 2909 1022 2976 nint
1035 2906 1201 2978 vulnera?
1216 2931 1287 2976 non
1299 2933 1376 3001 po-

288 3042 354 3096 teot
369 3023 516 3118 amplius
533 3046 635 3117 quam
651 3049 758 3094 unum
778 3047 853 3094 eene
867 3025 1093 3095 mortiferum.

337 3144 488 3236 Peregre
504 3142 673 3210 morieris.
685 3139 935 3235 Undecumque
950 3140 996 3211 ad
1010 3141 1136 3211 inlcroa
1149 3167 1219 3212 nna
1230 3144 1288 3212 ria
1300 3161 1372 3214 eet.

288 3263 439 3353 Peregre
451 3260 619 3328 morieris.
634 3262 706 3354 Ego
720 3236 813 3352 quod
826 3257 954 3346 debeo,
971 3259 1104 3330 solvere
1116 3275 1255 3355 paratus
1272 3285 1372 3350 aum3

288 3375 404 3446 videat
431 3377 632 3463 loenerator,
660 3374 721 3445 nbi
749 3398 803 3445 me
829 3377 993 3470 appellet.
1019 3379 1168 3472 Peregre
1193 3379 1371 3448 morieris.

288 3490 390 3562 Nulla
406 3509 497 3562 terra
511 3509 564 3564 eat
574 3494 686 3563 aliena
703 3509 852 3563 mortuo.
869 3496 1018 3587 Peregre
1037 3494 1205 3564 morieris.
1223 3499 1301 3564 Non
1316 3512 1378 3564 eat

290 3611 428 3704 gravior
447 3611 529 3679 loric
547 3635 648 3704 quam
666 3610 758 3679 domi
774 3634 921 3681 cornuue.
940 3613 1092 3708 Peregre
1106 3613 1276 3684 morieris.
1295 3609 1378 3684 Hoc

172 3731 178 3740 '
289 3741 360 3809 eat,
381 3728 418 3795 in
435 3729 578 3820 patriam
596 3729 670 3796 nine
687 3726 812 3798 viatico
830 3729 1027 3821 pervenire.

338 3843 406 3914 Sed
420 3845 560 3938 juvenis
577 3847 745 3914 morieris.
766 3847 942 3940 Optimum
960 3859 1029 3929 eet,
1052 3859 1234 3938 antequam
1252 3860 1376 3938 optes,

290 3963 389 4033 mori.
418 3965 559 4032 Juvenia
586 3963 756 4032 morieris.
786 3967 861 4032 Hoc
879 3987 984 4032 unum
1004 3979 1077 4048 eat,
1099 3961 1193 4056 qnod
1210 3985 1310 4056 teque
1328 3965 1382 4034 ad

287 4080 447 4172 juvenem
462 4105 564 4172 quam
576 4079 621 4149 ad
633 4102 750 4150 cenem
764 4082 925 4174 pertinet.
942 4082 1019 4149 Non
1033 4081 1179 4149 citamur
1191 4103 1231 4150 ex
1244 4103 1378 4164 censu,

292 4216 356 4259 nec
372 4193 519 4286 exigitur
540 4219 703 4264 numerus
724 4219 914 4283 annorum3
935 4209 969 4263 et
987 4195 1217 4266 adolescentes
1240 4211 1274 4264 et
1302 4195 1383 4264 im-
