2950 4934
281 460 523 533 PHYSIOL}
549 450 803 531 STOICOR.
830 462 925 529 LIB.
952 462 1003 531 ll.
1111 466 1180 561 609

102 614 169 656 mas
177 596 208 655 in
217 606 344 669 temam,
355 604 384 653 et
393 590 520 665 Lunam,
530 602 561 651 et
568 612 755 673 queaumne
766 590 821 651 alia
832 589 967 673 temporis
976 592 1180 668 iustrumenta,

103 701 251 785 dissipari
265 726 280 755 ι
296 699 336 760 dt
347 696 491 781 quommo
500 708 596 771 terra,
611 696 636 755 si
647 697 785 779 quiescit,
796 696 934 779 temporis
942 698 1182 761 instnimentuml

103 806 166 869 sod
187 804 343 889 respondet
361 805 443 887 ipsc,
460 815 492 863 et
503 786 659 865 bellissime
679 802 764 864 solvit
779 826 788 863 ι
803 804 840 863 tu'
851 802 930 865 vido.
950 803 1041 867 Addit
1054 806 1183 881 ibidem,

107 941 123 968 ι
138 912 335 974 Aristarchum
345 910 423 971 idem
435 909 472 971 de
481 910 572 971 Terra
582 909 728 991 posuisse,
744 908 897 970 Seleucum
909 911 1062 971 affirmasse
1075 936 1084 971 c
1100 938 1115 969 ιι
1130 913 1184 974 sed

105 1033 137 1080 et
152 1018 316 1081 Clemrtltem
327 1018 456 1079 &mium
473 1017 542 1077 alibi
556 1018 587 1076 in
602 1015 656 1076 bac
669 1028 752 1097 parte
764 1017 856 1097 ponit.
870 1016 1004 1099 Denique
1018 1016 1182 1103 Leucippis

102 1128 197 1189 sensit
207 1125 358 1208 (deFacie
373 1126 404 1183 in
414 1124 484 1183 orbe
495 1120 595 1205 Lunae)
611 1147 619 1181 c
637 1150 650 1176 ιι
662 1122 782 1185 Terram
797 1122 882 1198 vehi,
900 1124 975 1183 circa
992 1126 1121 1187 medium
1134 1148 1185 1187 as-

104 1234 192 1295 sidue
211 1254 342 1306 verum,
366 1252 429 1290 esse
450 1242 546 1291 autem
564 1230 655 1313 figura
670 1232 811 1311 tympani.
828 1256 842 1283 ι
859 1228 953 1291 Vides
968 1230 1089 1306 delii-iu
1107 1258 1186 1317 quo-

105 1342 196 1401 modo
217 1340 300 1399 aliter
320 1336 487 1421 appellem?
508 1349 559 1396 aut
581 1336 652 1417 qnid
673 1336 704 1395 in
724 1336 778 1395 ista
801 1336 967 1419 inquiram?
983 1349 1012 1397 et
1028 1339 1053 1399 si
1069 1338 1186 1422 (tantus

106 1446 323 1507 Paradoxorum
347 1466 428 1503 amor
450 1441 512 1524 cst)
529 1444 621 1503 ‘etiam
643 1455 758 1525 patrum
775 1464 834 1503 avo
850 1444 953 1505 nobilis
970 1446 1187 1509 mathematicus

105 1555 184 1615 hauc
198 1554 328 1614 tumim
344 1554 493 1625 excitavit,
510 1550 563 1610 sed
577 1572 643 1609 cum
658 1550 722 1631 ipso
736 1552 895 1632 sepultum.¹
913 1552 1008 1613 Nostri
1024 1565 1098 1615 stare
1112 1578 1187 1615 20„-

106 1682 197 1721 sensu
217 1658 360 1720 affirmant
382 1680 391 1718 c
414 1670 443 1719 ct
464 1656 539 1717 calis
554 1668 648 1717 motus
664 1677 732 1717 suos
752 1657 928 1741 relinquunt.
951 1659 1081 1721 Alterum
1106 1662 1186 1744 quod

105 1767 274 1850 quemme,
289 1765 335 1826 De
349 1786 425 1824 novo
438 1763 568 1838 Mundo,
586 1784 674 1846 quem
687 1776 754 1823 ante
771 1765 905 1825 seculum
917 1779 1079 1849 repertum,
1094 1767 1187 1829 Ame-

105 1876 200 1935 n'cum
221 1875 258 1935 ab
272 1895 332 1933 uno
349 1874 532 1933 inventorum
556 1870 752 1954 appellamus,
777 1894 844 1933 cum
867 1874 972 1954 injuria
992 1875 1089 1957 aliqua
1111 1876 1187 1937 alio-

105 2003 187 2041 rum.
209 1979 359 2041 Noruntue
375 1980 507 2041 veteres?
529 1980 636 2061 inquis.
662 1978 753 2041 Nosse
776 2002 835 2040 non
857 1980 951 2042 dicam
975 1983 1108 2063 proprie,
1134 1982 1187 2043 sed

105 2089 236 2148 scivisse.
252 2086 349 2162 Quum
369 2086 447 2147 mm
465 2085 627 2146 Australem
646 2086 763 2159 orbem
785 2096 882 2147 nostm
897 2086 1049 2147 adversum
1072 2087 1188 2149 adstru-

105 2208 234 2269 xerunt,
250 2208 279 2255 et
292 2207 414 2277 quatuor
433 2192 505 2253 adeo
518 2192 614 2253 Tcr'rae
635 2206 754 2277 partes,
771 2194 831 2253 sive
848 2194 955 2255 insulas
970 2193 1100 2257 lecerunt
1114 2195 1188 2278 (su-

103 2325 164 2385 pra
176 2300 327 2383 doctum),
340 2301 483 2383 quomodo
497 2322 555 2361 nou
570 2301 741 2383 cogitatione
757 2321 863 2361 nonum
877 2301 976 2361 orbem
991 2303 1185 2384 comprehen-

104 2408 234 2469 derunt?
248 2408 408 2469 necessario
421 2408 520 2481 illum,
536 2418 586 2466 aut
599 2407 711 2467 nullum
723 2406 864 2466 Cicereia
876 2407 992 2469 Somnio
1003 2430 1012 2465 c
1032 2434 1046 2461 u
1059 2406 1185 2469 Globum

102 2516 211 2577 mundi
219 2515 330 2577 duabus
335 2516 392 2577 oris
399 2514 570 2575 dismnfibus
577 2513 763 2575 habitabilem
773 2526 802 2573 et
812 2514 919 2573 cultum
931 2538 940 2572 ε
950 2536 1073 2594 quartam
1079 2516 1184 2591 altero,

102 2644 196 2705 qnam
210 2644 262 2683 nos
276 2622 442 2695 incolimus,
451 2622 544 2704 posita
553 2620 607 2681 sub
617 2633 672 2680 axe
682 2620 720 2680 ad
729 2630 841 2701 septem
851 2618 946 2679 stellas
958 2644 965 2691 3
976 2620 1063 2681 altera
1073 2635 1186 2683 austra-

101 2731 162 2805 lis,
173 2730 268 2811 ignota
277 2729 375 2801 uobis,
391 2743 479 2809 mato
494 2739 598 2788 vocant
613 2724 705 2787 Graeci
716 2731 853 2809 ἀπάξοια.
867 2752 881 2779 ιι
895 2725 1069 2807 Pomponius
1084 2730 1183 2789 Mala:
1305 2789 1309 2797 ,

105 2864 123 2891 ιι
138 2835 269 2917 Reliquas
286 2834 349 2897 dua
368 2833 554 2907 habitabiles,
570 2833 650 2915 paria
664 2845 754 2914 agunt
767 2834 835 2892 anni
849 2846 995 2914 tempora„
1010 2851 1111 2895 verum
1125 2852 1184 2896 nou

100 2943 227 3026 pariter.
240 2940 446 3003 Antichthones
457 2940 589 3013 alteram,
599 2961 653 2999 nos
663 2942 782 2999 alteram
794 2938 943 2999 incolims
956 2961 964 2997 s
978 2940 1054 3001 illius
1063 2942 1134 3002 situs
1146 2944 1184 3002 nb

102 3048 240 3111 ”domm
253 3046 457 3108 intercedentis
471 3046 560 3128 plag-e
576 3042 817 3126 (AEquinoctislis)
835 3046 1014 3126 incognitus,
1035 3044 1120 3127 bajus
1138 3048 1185 3108 di-

101 3154 218 3216 cendus
229 3166 282 3215 est.
293 3179 308 3208 ιι
323 3153 387 3214 Non
399 3164 519 3234 possunt
530 3151 706 3211 constantius
722 3162 772 3211 aut
787 3152 909 3224 certius,
921 3152 1017 3213 dicere
1029 3152 1065 3213 de
1076 3153 1182 3229 altero,

99 3263 139 3324 id
152 3274 212 3333 est,
222 3260 385 3321 uovoorbe.
400 3257 500 3319 Cicero
510 3264 636 3338 ἀπάξονα
646 3258 818 3339 appellatam
828 3298 837 3331 ,
849 3258 886 3318 ab
896 3259 1027 3339 opposito
1036 3260 1120 3321 uobis
1130 3282 1185 3322 axe

101 3368 198 3439 dicit;
210 3366 289 3427 Mela
299 3369 441 3447 ἀντίχθονα
449 3366 553 3445 ‚quasi
563 3363 711 3425 adversam
725 3376 842 3425 terram.
857 3362 910 3425 Est
921 3377 951 3425 et
963 3366 993 3425 in
1005 3365 1124 3427 Platone
1133 3366 1184 3449 (in

99 3475 216 3535 Timeo
226 3485 256 3534 ct
266 3470 373 3552 Critia)
388 3470 516 3552 profecto
531 3484 613 3532 vetus
627 3484 657 3532 et
670 3492 736 3531 vcra
751 3472 888 3531 memoria
903 3492 1012 3556 magna
1028 3472 1186 3536 Admana

98 3581 217 3649 mato,
232 3600 320 3661 quam
331 3578 399 3638 Asia
414 3590 444 3637 et
457 3576 553 3638 Africo
566 3579 734 3660 ampliorem
747 3577 845 3637 scribit
858 3601 867 3637 a
879 3590 965 3659 atque
976 3580 1016 3639 ita
1030 3578 1182 3653 describit,

76 3752 82 3770 ¹
99 3701 141 3749 ut
151 3685 224 3746 miti
236 3684 367 3746 videattu
380 3684 460 3745 locus
474 3682 645 3743 dubitationi
659 3705 718 3742 non
736 3684 810 3756 esse,
824 3684 894 3765 quin
912 3683 1010 3745 Novus
1026 3684 1102 3745 orbis
1116 3708 1184 3767 pars

99 3795 146 3855 sit
169 3790 318 3865 Platonica
338 3791 414 3851 illius
435 3802 528 3850 terre.
561 3789 635 3849 Nam
655 3789 781 3871 primum
801 3789 870 3851 facit
889 3790 1020 3872 locatque
1044 3792 1184 3875 grandem

98 3901 188 3961 illam
202 3899 341 3973 insulam,
353 3898 391 3959 ad
402 3897 498 3959 lauces
508 3894 644 3957 Gaditani
657 3879 744 3957 maris
757 3919 837 3979 ;qute
854 3899 939 3981 longe
953 3899 1067 3981 lateque
1079 3901 1186 3961 moon
1241 3912 1245 3923 '

99 4026 174 4068 sum
193 4006 301 4066 scilieet
314 4018 425 4087 pateret
437 4027 445 4076 ;
463 4030 478 4056 ιι
495 4016 525 4063 et
540 4024 576 4062 ex
587 4022 645 4085 qua
654 4017 730 4063 esset
739 4003 844 4086 gradus
856 4004 1049 4086 transitusque
1064 4005 1102 4066 ad
1115 4006 1186 4067 alias

100 4113 218 4175 insulas
234 4134 244 4185 ς
256 4113 419 4193 iterumque
431 4131 467 4171 ex
481 4110 543 4171 istis
557 4107 593 4168 ad
607 4109 768 4190 oppositam
782 4111 991 4185 continentem,
1008 4112 1187 4193 adjacentem

102 4220 204 4294 mari,
222 4218 300 4300 quod
322 4240 391 4279 vcro
413 4217 529 4277 nominc
552 4216 592 4273 sic
613 4216 801 4297 appellamus.
818 4242 832 4271 ιι
849 4216 878 4275 Si
900 4216 959 4278 baec
980 4220 1189 4283 consideraret

254 4331 315 4443 IV..
993 4330 1038 4421 39
