2950 4934
312 483 559 552 PHYSIOL.
585 483 839 555 STOICOR.
865 485 956 576 Lm.
981 489 1010 555 I.
1134 493 1201 586 497

127 644 272 690 emensa
282 627 427 708 plerique
448 639 569 709 gentes,
589 625 669 688 velut
690 639 793 689 natura
807 641 971 709 preeunte,
985 628 1135 706 iecerint,
1153 635 1203 716 qui
1299 639 1301 644 ’

128 732 249 794 Vestam
264 733 374 793 scilieet
386 744 416 792 et
430 733 528 815 ignem
543 745 714 815 perpetuum
731 735 891 796 coluerunt.
909 737 954 796 De
967 757 1025 818 qno
1039 740 1203 822 scripsimus

126 839 241 921 aliquid
256 841 288 900 in
304 839 488 922 syntagmate
501 838 547 900 De
560 839 657 900 Vesta.

454 1036 768 1104 nrsssnrarro
796 1011 895 1104 vn(

127 1188 209 1258 Alia
227 1195 402 1279 definitoirm
419 1194 478 1257 Dei
484 1244 492 1267 ,
515 1198 545 1255 in
563 1184 679 1280 puidam,
695 1195 834 1277 Spinius,
852 1195 988 1298 Anninus,
1003 1199 1104 1273 Mens,
1119 1200 1206 1262 Ratio

435 1303 547 1374 dictat,
564 1313 650 1382 etper
658 1304 754 1364 omnia
764 1300 900 1384 daffendi.

172 1485 216 1543 Aa
226 1505 295 1544 vero
304 1484 414 1544 cantius
425 1483 510 1544 etiam
522 1495 551 1542 et
560 1483 672 1542 veritati
680 1483 798 1565 prnpius
809 1483 894 1544 Stoici
903 1483 1001 1556 locuti,
1013 1491 1101 1566 q'uum
1112 1483 1207 1546 Deum
1317 1532 1322 1542 Ι

129 1589 305 1651 definierunt
317 1611 376 1649 non
387 1588 501 1668 Ignara,
520 1588 571 1649 sed
583 1588 717 1669 Spintum
729 1585 858 1665 igneum.
875 1587 918 1646 Ita
933 1589 1009 1647 enim
1022 1587 1206 1664 Posidonius,

128 1699 214 1776 eujus
224 1697 283 1756 haee
294 1697 382 1756 verba
393 1696 424 1755 in
437 1695 547 1756 Stobaeo
559 1715 567 1751 ε
583 1722 598 1750 «
607 1695 685 1755 Dens
696 1709 739 1754 est
749 1693 871 1775 Spiritus
882 1694 1044 1777 intelligens
1056 1707 1085 1756 et
1094 1697 1206 1778 igneus,

127 1801 251 1863 formam
261 1804 323 1885 ipse
335 1825 393 1863 non
405 1801 533 1877 habens,
550 1801 643 1863 sedin
655 1821 754 1861 omnes
765 1815 796 1861 se
807 1813 936 1876 vertens,
952 1814 981 1861 et
992 1801 1124 1862 omnibus
1135 1806 1209 1864 assi-‘-
1313 1865 1315 1871 ,

128 1910 244 1970 milano.
254 1936 269 1964 ι
285 1910 334 1969 Ait
347 1908 483 1990 Spirimm
501 1890 579 1982 esse,
598 1921 627 1968 et
640 1907 758 1990 quidem
774 1909 969 1987 mteldigenlem
981 1931 991 1969 .·
1002 1911 1066 1990 quis
1081 1909 1141 1970 haec
1155 1913 1209 1971 nb-'

128 2015 222 2076 nnat?
238 2015 319 2077 addit
336 2015 472 2095 ignauo,
497 2014 526 2075 et
545 2034 633 2076 sensu
648 2013 744 2097 aliquo
759 2013 852 2090 ieras,
872 2026 904 2076 nt
919 2017 957 2076 sit
973 2016 1004 2076 in
1022 2017 1072 2076 fflo
1087 2027 1160 2099 ptrro
1179 2021 1208 2078 et

127 2122 253 2182 ethereo
266 2123 343 2206 igne.
353 2119 400 2183 sic
413 2123 493 2182 ‘enim
504 2133 533 2183 et
543 2122 740 2184 Democritius
751 2147 765 2176 a
777 2121 872 2184 Deum
884 2143 945 2183 esse
956 2135 1082 2184 mentem
1096 2126 1126 2184 in
1138 2127 1207 2208 ign'e

127 2229 293 2312 spherieo.»
306 2217 345 2290 Et
357 2228 438 2290 Pla'to
451 2229 529 2311 apud
538 2226 684 2290 tustinum
693 2229 861 2311 Martyrem,
875 2231 969 2291 Deum
977 2227 1052 2291 locat
1062 2257 1076 2286 ιι
1084 2233 1115 2292 in
1123 2209 1207 2316 ignea

127 2335 318 2396 substantia.»
325 2330 430 2396 Addit:
442 2333 596 2395 &Formam
602 2333 773 2396 nonhabere
780 2351 808 2410 π’,
816 2337 962 2397 'verissime
970 2360 978 2410 ;
987 2349 1015 2398 et
1022 2338 1078 2398 hue
1088 2335 1208 2399 Iactan-

125 2444 186 2502 tius
198 2442 348 2525 adspexit,
361 2439 430 2502 dnm
445 2441 557 2523 scripsit
572 2464 581 2500 r
600 2467 613 2494 s
627 2438 714 2503 Stoici
732 2455 839 2524 negant
852 2443 940 2504 ullam
959 2443 1080 2506 formam
1100 2445 1207 2506 habere

127 2546 236 2610 Deum.
257 2576 272 2604 »
291 2549 349 2610 Sed
362 2569 527 2632 quanquam
540 2549 601 2630 ipse
615 2546 734 2608 formam
746 2546 935 2624 non'hnbeat3
949 2570 1007 2612 non
1025 2565 1101 2613 cert'e
1119 2549 1207 2614 ullam

127 2655 367 2738 adspe'et‘abilem,
378 2653 475 2714 {amm
489 2669 589 2716 omnes
598 2647 702 2715 formas
713 2652 819 2715 format
825 2697 833 2728 ‚
841 2667 932 2738 'atqtre
943 2658 973 2717 in
984 2659 1019 2718 iis
1028 2679 1059 2718 se
1069 2657 1203 2721 ostendit.

127 2763 263 2845 Ipsahaee
271 2747 415 2822 Posidonii
425 2752 464 2822 ita
473 2751 674 2846 Trismegistus
682 2759 759 2843 (cap.
772 2753 838 2844 11)'=
849 2788 863 2816 s
871 2759 966 2822 Unam
975 2764 1093 2846 ‘quidem
1106 2765 1205 2828 Ideatn

127 2881 160 2929 et
185 2869 305 2929 formam
322 2858 400 2929 Deus
418 2867 523 2941 habet,
542 2880 605 2950 qtae
620 2862 735 2949 propr-id
755 2881 802 2928 est
814 2869 893 2949 ejus,
921 2867 971 2930 sed
992 2885 1054 2953 qttae
1075 2872 1205 2933 hamanis

125 2975 311 3056 adspeetssms
324 2985 382 3034 n‘on
402 2973 569 3053 sdbjieitur,
585 2986 621 3064 nt
636 2982 698 3054 quat
710 2974 747 3034 sit
758 2970 926 3056 incorporea
937 2995 947 3034 t
960 2983 989 3035 et
998 2985 1096 3037 omnes
1109 2989 1206 3038 tamen

125 3081 233 3142 formas
251 3101 304 3163 per
318 3093 436 3162 corpora
450 3077 583 3139 ostendit.
597 3106 611 3132 s
628 3077 729 3161 Itaque
741 3073 816 3140 bene
830 3078 944 3154 dicitur,
957 3081 1050 3143 Deum
1060 3103 1145 3144 nemo
1156 3088 1205 3146 vi-

126 3187 192 3248 dit:
206 3199 250 3261 et,
263 3206 363 3246 omnes
378 3187 409 3245 in
420 3186 553 3245 omnssms
566 3182 694 3268 quotidie
707 3182 816 3246 ¹vident.
835 3185 892 3246 Sed
904 3185 991 3248 redeo
1003 3188 1039 3248 nd
1050 3171 1200 3270 Spirittnn,
1287 3193 1290 3200 “

125 3309 167 3355 ne
180 3293 319 3354 trossulos
329 3294 369 3353 ita
386 3290 473 3352 fuisse
485 3291 593 3352 Stoicos
606 3289 768 3372 opinemur.
785 3291 867 3352 Idem
881 3293 968 3376 igitar
980 3290 1131 3356 Posidonio
1143 3297 1203 3377 jam

125 3404 195 3461 ante
208 3388 286 3462 Zeno
299 3397 432 3460 dixerat:
449 3399 570 3460 «Deum
585 3419 647 3458 esse
663 3392 818 3480 Spiritum,
834 3401 1026 3484 pertinentem
1041 3425 1094 3485 per
1112 3415 1202 3464 totum

124 3499 303 3570 Mundum.»
314 3497 399 3582 Quod
410 3519 504 3567 tamen
517 3505 617 3567 Cicero
626 3505 711 3566 vertit
720 3504 749 3587 (1
760 3505 797 3567 do
808 3507 872 3568 Not.
886 3499 1007 3592 Deor.)=
1020 3537 1034 3564 «
1049 3509 1200 3572 Rationem

123 3615 296 3698 qnamdam,
308 3635 360 3699 per
369 3635 484 3675 omnem
490 3607 626 3675 Naturam
638 3614 829 3696 pertinentem
841 3627 856 3669 ts
872 3638 880 3674 ε
895 3624 923 3675 et
933 3616 995 3698 ipsa
1005 3616 1064 3676 hteo
1074 3619 1202 3678 attribuit

124 3719 246 3785 zenoni.
257 3718 330 3782 Nam
339 3719 489 3782 liudonem
501 3734 550 3782 aut
558 3721 693 3801 Spin'teon
704 3719 797 3795 dicas,
808 3720 886 3782 haud
897 3725 1030 3795 interest,
1043 3735 1092 3782 aut
1101 3721 1202 3784 leviter

123 3831 244 3889 interest
253 3853 261 3900 ;
278 3828 351 3888 sieut
366 3829 390 3887 si
410 3819 565 3899 Animam,
581 3826 734 3899 Aaronem,
757 3827 881 3889 Mentem
900 3827 987 3911 (nam
1001 3841 1030 3889 et
1042 3831 1082 3890 sie
1094 3831 1201 3913 appel-

122 3929 225 4016 lant);
246 3937 301 3995 nisi
321 3935 399 4018 q'uod
415 3931 464 3994 itta
480 3927 602 3993 nobilior
617 3933 726 3994 Animte
745 3957 811 4015 pars
830 3929 968 4006 Animus,
988 3934 1089 4007 Mens,
1113 3915 1200 3998 Retia

122 4042 217 4125 magis
233 4043 326 4103 suevit
340 4043 446 4101 vocari.
464 4039 508 4100 Ita
524 4036 601 4100 enim
621 4040 725 4100 iterum
741 4039 795 4099 hoe
810 4039 904 4122 ipsum
920 4039 1002 4101 aliter
1014 4041 1132 4115 Cicero,
1148 4041 1200 4104 sed

122 4147 291 4233 Pythagoras
305 4145 440 4210 adscribit
449 4142 588 4230 (Ibidem)
601 4172 609 4208 t
624 4174 637 4201 s
649 4143 745 4208 Deum
757 4168 820 4208 esse
831 4146 965 4207 Animum
977 4192 985 4221 ,
997 4165 1050 4230 per
1061 4147 1197 4212 Naturam

120 4272 221 4318 rernm
244 4269 358 4319 omnem
376 4249 518 4317 intentum
535 4266 564 4316 et
580 4269 798 4317 commeantem.
814 4283 828 4309 υ
850 4250 877 4314 Ε
896 4277 954 4336 quo
969 4255 1088 4316 totidem
1104 4259 1199 4318 verbis

245 4369 306 4438 IV,
1007 4363 1050 4430 32
