2950 4934
300 491 343 554 50
586 483 627 552 L.
654 483 834 552 ANNAEl
856 483 1070 554 SENECAE

297 615 417 699 bibue,
439 613 532 708 quod
546 614 590 684 de
607 611 743 684 urbium
761 615 882 684 incolis
901 615 999 700 dico,
1015 634 1081 685 tam
1099 616 1232 686 Ardea¹
1249 635 1372 712 capta,

297 753 399 824 quam
415 731 522 798 Roma
536 745 600 806 eet.
616 727 784 798 Conditor
798 729 856 797 ille
863 728 954 823 juria
964 730 1106 800 humani
1118 755 1188 799 non
1200 733 1376 800 natalibus

297 870 379 930 noe,
399 869 464 914 nec
480 845 657 914 nominum
671 846 846 930 claritate,
867 844 1042 931 distinxit,
1058 849 1125 914 nini
1142 845 1223 916 dum
1239 869 1370 916 eumue.

297 962 363 1032 Ubi
380 985 464 1030 vero
487 959 533 1030 ad
555 961 658 1030 linem
683 961 876 1029 mortalium
895 978 1037 1030 ventum
1056 979 1108 1030 eet
1129 989 1137 1028 :
1161 990 1176 1026 ι
1199 963 1371 1045 Discede,

297 1080 427 1171 inquit,
441 1075 596 1147 ambitio!
612 1079 784 1161 omnium,
800 1100 877 1169 quae
891 1093 1018 1146 terram
1032 1094 1210 1170 premunt,
1226 1079 1375 1172 siremps

241 1223 269 1272 ι,
296 1194 350 1262 lex
362 1210 434 1263 etto
445 1199 497 1264 ².»
509 1193 562 1263 Ad
576 1195 690 1263 omnia
706 1191 866 1288 patienda
879 1215 979 1286 parea
994 1218 1109 1263 eumue
1125 1221 1134 1260 ε
1151 1219 1250 1263 nemo
1261 1195 1374 1264 altero

296 1309 452 1403 fragilior
470 1323 538 1394 eet,
554 1331 653 1376 nemo
673 1310 909 1376 incrastinum
929 1311 982 1377 eui
1001 1312 1138 1378 certior.
1162 1303 1375 1380 ³Alexander

295 1426 520 1494 blaredonum
547 1449 607 1493 rex
631 1423 765 1493 discere
789 1426 1011 1518 geometriam
1034 1443 1201 1521 caeperat,
1229 1425 1367 1496 infelix!

295 1542 442 1609 ecitlrrue
460 1561 562 1633 quam
579 1539 703 1633 pusilla
718 1555 815 1617 ,terra
832 1557 938 1623 cenet,
960 1563 1000 1608 ex
1018 1565 1086 1634 qua
1111 1544 1287 1610 minimum
1307 1565 1371 1610 oc-

294 1674 478 1751 cupaverat
500 1683 509 1725 ι
529 1657 576 1725 ita
593 1655 687 1737 dico,
709 1657 850 1747 infelix,
879 1656 922 1725 ob
946 1657 1032 1741 hoc,
1062 1656 1155 1751 quod
1175 1659 1374 1752 intelligere

295 1773 442 1842 debebat
459 1771 579 1843 salsum
591 1797 627 1842 ae
646 1794 767 1866 gerere
783 1797 993 1866 cognomen,
1009 1775 1086 1866 quie
1099 1773 1192 1842 enim
1208 1797 1281 1842 eoae
1297 1797 1373 1842 ma-

296 1913 384 1982 gnus
397 1889 434 1956 in
449 1889 572 1983 pusillo
590 1889 723 1982 potenti
737 1891 843 1956 Erant
856 1887 915 1956 illa
931 1911 1008 1980 quae
1021 1888 1262 1969 tradebantur,
1281 1888 1374 1956 aub-

295 2006 385 2088 tilia,
402 2022 436 2075 et
448 2005 606 2099 diligenti
621 2005 809 2073 intentione
822 2002 1005 2072 diecenda:
1022 2027 1091 2072 non
1105 2028 1181 2097 que
1189 2007 1373 2098 percipere

295 2134 408 2212 poseat
420 2143 564 2190 vetanus
580 2119 701 2202 homo,
722 2135 758 2187 et
774 2136 868 2188 trans
881 2143 1045 2188 occanum
1057 2121 1278 2213 cogitationes
1291 2142 1374 2186 tuae

296 2236 447 2303 mittens.
998 2303 1004 2326 ·.

242 2377 271 2427 ,3
350 2379 365 2414 «
389 2348 537 2431 Facilia,
568 2349 698 2440 inquit,
727 2371 782 2418 me
808 2347 909 2420 doce!
937 2377 953 2415 n
981 2353 1119 2420 -Cui
1146 2365 1370 2444 praeceptor:

300 2495 316 2532 «
339 2468 423 2551 leta,
443 2449 574 2556 inquit,
597 2463 753 2532 omuibus
776 2463 894 2534 eadem
919 2479 1136 2557 eunt,·aeque
1159 2463 1329 2532 difficilia.
1353 2493 1373 2529 n

296 2585 430 2650 —Hoc
446 2594 526 2674 puta
546 2603 662 2648 rerum
679 2583 841 2649 Naturam
861 2581 976 2650 dicere
1001 2609 1009 2648 ι
1037 2609 1054 2644 a
1079 2583 1163 2662 leta,
1184 2579 1227 2648 de
1243 2577 1377 2672 quibua

298 2694 472 2786 quereris,
495 2693 652 2762 omnibus
666 2692 785 2762 cadem
800 2705 897 2779 aunt,
917 2694 1003 2763 nulli
1021 2694 1095 2763 dari
1115 2693 1268 2762 faciliora
1285 2715 1377 2785 poe-

298 2827 396 2878 aunt:
414 2809 492 2892 aed,
512 2811 667 2902 quiaquia
678 2810 790 2895 volet,
808 2812 954 2906 tibiipsi
966 2811 1024 2878 illa
1035 2809 1156 2878 reddet
1171 2809 1336 2878 faciliora.
1354 2837 1372 2872 n

298 2925 503 3021 Quomodo?
515 2924 790 3019 AEquanimitate.
807 2933 851 2997 Et
865 2907 980 2998 doleat
994 2944 1145 3022 oportet,
1163 2943 1198 2997 et
1210 2927 1321 3009 sitias,
1339 2943 1377 2996 et

335 3165 355 3196 ι.
368 3147 469 3198 Ardea.
480 3142 576 3198 Pusilla
586 3142 809 3216 urbs,comparata
858 3145 904 3197 tita
921 3166 934 3198 e
951 3143 1192 3210 declamationibus,
1210 3142 1301 3214 quibua
1320 3141 1376 3196 bot

300 3241 356 3274 rum
368 3222 466 3285 Roma,
481 3220 524 3272 cul
534 3231 588 3272 erat
598 3218 691 3272 vicina.
703 3219 742 3272 Cl.
754 3220 808 3272 liv.
859 3221 1013 3294 propoeitum
1022 3235 1090 3289 erat,
1100 3220 1216 3275 libertate
1223 3221 1333 3288 sublata,
1346 3234 1379 3274 ut

304 3319 332 3362 r,
349 3299 389 3364 ⁵7·
402 3295 475 3368 Virg.
489 3295 552 3348 AEn.
564 3295 630 3361 Vll,
643 3297 691 3360 412
706 3309 759 3350 not
772 3294 809 3347 R·
858 3299 923 3354 lietie
935 3302 1092 3373 argumentis
1108 3301 1139 3352 in
1155 3298 1286 3362 euaeoriia,
1303 3316 1377 3350 con-

334 3395 356 3426 a.
373 3373 492 3442 Sirempr
502 3377 549 3427 lex
559 3382 621 3426 esto.
634 3373 672 3425 1¹21
684 3393 731 3426 em.
742 3375 810 3426 blu-
858 3379 985 3432 troveraiie
997 3391 1043 3432 ete.
1055 3390 1185 3432 uterentur
1196 3379 1229 3430 ad
1241 3375 1377 3447 eloquen-

301 3455 354 3507 reti.
371 3455 400 3504 ln
419 3452 489 3505 libris
509 3465 576 3506 erat:
589 3453 646 3506 Sere
658 3457 734 3506 miles
749 3463 809 3506 esto.
858 3455 920 3509 tiam
937 3456 1099 3509 umbratilem
1121 3455 1299 3517 excolendam,
1323 3455 1376 3507 do-

299 3529 811 3605 Vulgarerant:similesestoeelservus
860 3535 986 3600 cendam,
1015 3534 1171 3588 discendam.
1194 3533 1287 3584 Verum
1314 3545 1378 3596 eet,

300 3611 375 3662 miles
386 3629 407 3664 e·
419 3609 660 3679 mata-Stremps
670 3623 742 3664 vetos
754 3629 811 3662 rer·
858 3613 1031 3671 Alexandrum
1050 3632 1169 3688 puerum,
1191 3631 1245 3663 non
1267 3629 1355 3682 regern
1368 3651 1380 3668 ,

301 3688 361 3740 bum
375 3687 402 3738 in
415 3685 513 3760 legibus
526 3699 675 3758 sanaturque
690 3687 811 3740 consultio
860 3691 979 3763 magistro
993 3691 1125 3745 Aristotele
1143 3688 1315 3744 Geometriam
1329 3687 1378 3740 di-

301 3761 417 3814 usitatum
431 3780 437 3814 τ
449 3776 485 3816 est
496 3777 579 3817 autem
592 3765 676 3831 idem,
690 3785 719 3818 ac
732 3765 754 3816 si
766 3760 811 3817 di·
859 3769 962 3832 «ticine,
977 3782 1002 3822 et
1012 3767 1096 3822 Persia
1112 3779 1197 3841 poetea
1208 3764 1313 3819 devietis
1326 3785 1377 3820 cu-

302 3840 467 3894 ceret'eirnilir
476 3842 515 3894 lex
525 3841 643 3896 omnibus
654 3843 732 3916 potita
751 3855 811 3894 exto.
849 3843 948 3920 'pidum
962 3845 1037 3898 iniere
1049 3844 1150 3897 vbendi
1163 3843 1303 3895 Oceanum.
1311 3843 1377 3894 tte-

301 3919 374 3972 ilaue
389 3920 590 3973 emendationem
604 3919 724 3972 debemus
738 3937 812 3970 sum·
858 3923 928 3994 lique
943 3923 975 3975 ad
988 3923 1160 3977 Alexandrum
1178 3921 1377 3993 deprimendum

301 4015 342 4048 mo
355 3997 451 4050 Jacobo
465 3996 577 4064 Cuiacio.
589 3997 718 4050 Muretus.
859 4000 1038 4053 declamatores
1048 4000 1147 4052 mentiti
1157 4011 1228 4064 eunt,
1238 4018 1301 4069 quos
1311 4018 1376 4053 noa·

333 4075 355 4126 3.
377 4075 541 4127 Alexander.
562 4074 627 4143 Qua
648 4074 679 4126 de
699 4073 809 4126 Alexan·
858 4091 895 4130 ter
908 4078 1086 4150 nullojudieio
1098 4077 1185 4130 critico
1197 4095 1256 4128 naue
1272 4076 1296 4127 lt.
1312 4077 1329 4128 l.
1349 4091 1378 4128 et

301 4155 346 4207 dro
361 4153 399 4206 M.
418 4154 460 4206 hic
478 4165 622 4218 narrantur,
640 4153 810 4228 nullonhieto—
858 4155 918 4208 aliae
937 4167 1034 4208 secutus
1056 4166 1115 4217 ert,
1143 4166 1167 4206 et
1187 4153 1305 4206 Juvenal.
1328 4153 1375 4217 X,

300 4234 342 4286 ria
355 4231 496 4284 testimonio
509 4232 617 4284 subnixa
629 4245 700 4300 sunt,
714 4233 756 4284 red
767 4252 809 4303 pe-
861 4231 906 4286 158
918 4251 924 4284 :
938 4235 1025 4286 «Unus
1039 4233 1133 4288 Pelloeo
1147 4232 1233 4302 juveni
1246 4250 1299 4284 non
1317 4233 1376 4283 eul-
