2950 4934
288 453 308 516 8
581 453 622 521 L.
646 449 826 519 ANNAEI
849 449 1066 520 SENECAE

286 579 464 672 Epicurei¹
478 577 563 648 duas
577 595 693 673 partes
705 579 931 674 philosophiae
944 595 1150 673 putaverunt
1163 603 1248 666 esso,
1263 597 1363 647 ποω-
1462 608 1463 625 ¹

288 695 394 762 ralem
411 708 514 784 atque
531 696 711 772 moralem
733 695 934 764 rationalem
953 708 1184 763 removerunt.
1204 693 1358 776 Deinde,

215 883 217 888 ,
288 835 393 902 quum
412 811 494 912 ipsis
516 809 618 878 rebus
642 827 850 906 cogerentur
872 809 1034 904 ambigua
1055 830 1254 894 secernere,
1275 809 1363 878 falsa

274 919 352 992 'suh
368 925 483 1017 specie
502 925 575 993 veri
599 924 737 994 latentia
758 948 964 1019 coarguere,
986 925 1053 1017 ipsi
1070 945 1207 1016 quoque
1224 923 1336 992 locum
1346 973 1360 1008 ,

287 1063 390 1132 quem
408 1040 451 1106 de
467 1040 597 1108 Iudicio
611 1058 645 1108 et
656 1041 789 1134 Regula
805 1041 997 1136 appellant,
1016 1041 1083 1109 alio
1099 1041 1236 1108 nomine
1252 1041 1362 1108 ratio-

287 1157 400 1226 nalem
417 1156 646 1244 induxerunt,
670 1159 731 1242 sed
754 1181 833 1228 eum
856 1159 1083 1230 accessionem
1103 1181 1177 1228 esse
1196 1157 1364 1226 naturalia

287 1276 394 1369 partis
411 1275 615 1344 existimant.
632 1277 838 1369 Cyrenaici²
858 1275 1026 1344 naturalia
1043 1299 1121 1344 cum
1137 1274 1362 1345 rationalibus

287 1391 518 1479 sustulerunt,
538 1407 574 1459 et
591 1394 741 1462 contenti
763 1392 902 1461 luerunt
922 1392 1109 1462 Moralibus
1122 1420 1130 1461 :
1142 1392 1203 1462 sed
1218 1393 1256 1460 hi
1272 1413 1365 1485 quo-

287 1531 374 1601 que,
396 1500 700 1600 quae‘rcmovcnffl,
723 1508 825 1577 aliter
841 1507 1021 1578 inducunt.
1046 1510 1088 1578 ln
1101 1509 1254 1600 quinque
1266 1508 1363 1576 enim

286 1641 401 1719 partes
418 1626 564 1695 Moralia
581 1625 761 1713 dividunt,
784 1644 822 1695 ut
838 1651 908 1700 una
924 1629 970 1695 sit
986 1627 1031 1694 de
1046 1625 1233 1722 Fugiendis
1246 1640 1281 1692 et
1293 1627 1364 1692 Ex-

286 1725 463 1835 petendis',
488 1743 595 1812 altera
620 1743 664 1812 de
688 1743 906 1829 affectibus,
934 1745 1036 1813 tertia
1062 1742 1106 1811 de
1133 1741 1333 1811 Actionihus
1345 1791 1360 1826 ,

286 1876 408 1952 quarta
425 1859 623 1943 decausis,
646 1862 767 1953 quinta
788 1859 832 1930 de
854 1861 1085 1954 Argumentis.
1107 1861 1223 1930 Causa
1243 1881 1364 1926 rerum

286 1997 327 2043 ex
343 1976 492 2045 naturali
510 1995 607 2070 purte
622 1993 722 2064 sunt3
742 1972 943 2071 argumenta
954 2000 997 2045 ex
1015 1976 1172 2045 rationali
1185 2003 1194 2061 3
1207 1974 1363 2043 actiones

287 2115 328 2160 ex
356 2093 489 2160 morali.
519 2093 657 2162 Ariston
684 2088 827 2179 Chiusl,
858 2117 958 2162 anon
980 2109 1110 2161 tantum
1135 2113 1364 2184 supervacuas

287 2231 383 2302 esse,
404 2207 510 2293 dixit,
532 2210 720 2279 naturalem
739 2226 775 2278 et
791 2210 1009 2294 rationalem,
1026 2208 1206 2280 sedetiam
1219 2223 1364 2276 contra·-

289 2325 358 2392 rias
376 2351 383 2390 :
398 2351 417 2398 a,
433 2326 595 2395 moralem
620 2350 781 2420 quoque,
809 2349 910 2417 quam
930 2325 1034 2394 solam
1052 2325 1261 2417 reliquerat,
1285 2323 1364 2392 cir-

287 2439 461 2508 cumcidit.
490 2444 575 2510 Nam
600 2465 678 2510 eum
704 2441 815 2510 locum
826 2435 854 2525 ⁵,
876 2443 937 2536 qui
959 2443 1160 2509 Monitiones
1183 2439 1362 2523 continet,

286 2559 439 2647 sustulit,
455 2574 490 2627 et
500 2561 680 2652 paedagogi
689 2559 879 2643 essedirit,
895 2546 962 2626 uon
971 2558 1179 2650 philosophi:
1198 2573 1363 2649 tanquam

284 2838 347 2881 nos,
365 2831 460 2875 veteres
475 2820 553 2874 libros
571 2821 665 2886 secuti,
680 2831 737 2874 ante
748 2820 796 2877 ista
845 2818 916 2873 Gott.
935 2819 1003 2891 Vol
1015 2819 1109 2893 11sp
1126 2821 1173 2887 2⁵7
1186 2836 1250 2890 sqq..
1268 2815 1363 2868 fluat.

284 2897 695 2970 inilluparteposuimus.Scltw.
877 2916 902 2950 a.
914 2900 1078 2968 Cyrenaici...
1087 2900 1199 2950 actium
1208 2915 1245 2948 ex
1252 2895 1363 2946 moroli-

322 2995 342 3026 ι.
351 2973 499 3044 Epicurei...
509 2986 693 3030 removemnt...
702 2978 799 3035 exisse
845 2975 917 3045 idem
929 2987 1014 3028 namt
1025 2975 1114 3040 Sextus
1125 2973 1222 3047 Empir.
1233 2972 1291 3024 adv.
1301 2971 1363 3022 Ma-

284 3066 367 3107 mant.
384 3053 543 3107 Confirmant
556 3054 609 3108 hac
622 3055 702 3128 Diog.
715 3055 796 3106 laert.
845 3051 998 3116 stamttll,
1010 3068 1047 3104 tt.
1057 3052 1111 3104 atii
1118 3051 1191 3104 aliter
1200 3050 1231 3103 ds
1241 3049 1281 3102 his
1290 3049 1363 3102 Aris-

286 3131 373 3195 X,3r;
383 3133 450 3185 Sext.
458 3133 532 3205 Erup.
542 3133 599 3185 adv.
608 3132 796 3197 MathemNss,
847 3130 912 3204 lippi
924 3130 1010 3198 (eujus
1022 3131 1099 3183 vitam
1112 3149 1245 3200 moresque
1258 3127 1363 3202 egregie

286 3207 343 3268 203.
353 3209 477 3283 Epiruma
486 3249 493 3276 ‚
502 3209 581 3282 spinis
590 3224 615 3264 et
624 3209 692 3264 tricis
701 3209 796 3263 tlialee·
845 3230 925 3282 nuper
938 3209 1068 3283 descripsit
1081 3209 1259 3274 Wielaorlus)
1278 3205 1364 3260 disei-

284 3284 355 3350 ticis,
369 3306 430 3356 quas
446 3287 571 3360 Megarici
589 3301 614 3340 et
632 3287 713 3340 Stoici
725 3307 796 3340 com-
845 3287 911 3357 pulis
924 3288 1110 3361 judicaverunt.
1128 3287 1168 3338 Cf.
1188 3285 1364 3356 'Iledsmanni

284 3363 366 3418 monti
385 3376 468 3426 erant,
481 3364 592 3436 reiectis,
605 3385 684 3439 pauca
695 3376 796 3418 tantm
847 3366 976 3425 Geistder
985 3368 1138 3436 spelcPhil.
1147 3368 1189 3430 ll.
1204 3388 1227 3439 p.
1239 3369 1314 3438 Susq-
1326 3365 1362 3417 ll·

284 3455 406 3515 precepta
419 3440 450 3494 de
464 3462 524 3494 vsro
538 3455 563 3496 et
579 3442 642 3496 falso
659 3463 717 3514 que
729 3455 796 3495 reete
880 3446 902 3498 3.
918 3447 987 3518 Quoe
997 3457 1133 3499 renwveut.
1146 3445 1189 3499 Sic
1199 3441 1315 3498 reeteed.
1324 3440 1363 3495 ll.

285 3521 425 3578 tradantur.
434 3539 562 3572 canonum
574 3520 678 3572 nomine
687 3520 797 3592 insigni·
847 3525 937 3597 Vulgo
948 3527 996 3593 qui
1004 3534 1132 3576 removent
1140 3543 1197 3575 cum
1210 3525 1246 3574 A.
1256 3541 1278 3573 e.
1290 3519 1321 3572 S.

285 3617 414 3668 mquam
422 3597 797 3664 Dialectieeamaluiuetex-
877 3595 1361 3671 t.‘erstantununetriuonffihio

285 3675 368 3748 posuit
380 3675 412 3732 de
423 3675 455 3731 iis
467 3675 493 3727 in
505 3677 570 3729 libro
583 3676 673 3740 unico,
687 3677 732 3748 qui
745 3675 797 3729 Ca-
844 3683 877 3734 ci.
888 3681 977 3750 philol.
989 3680 1056 3732 Bibl.
1070 3680 1105 3744 ll,
1117 3699 1126 3732 t
1138 3700 1175 3749 sq.
1191 3677 1252 3730 Fuit
1266 3676 1363 3729 stoicus

286 3751 797 3826 ³0⁰⁵·Regulfllwlbebssur·Epicurei
844 3754 1363 3834 philosophus,Zenomsautlitor,Clean-

287 3832 443 3886 Canonicam
452 3831 797 3903 Naturalioonjungerecon·
845 3833 1362 3909 thisamicussshpysippiinimicuscote·

246 3903 250 3908 ’
285 3909 350 3962 susti
365 3909 493 3981 appellant
507 3907 581 3961 illum
600 3908 709 3972 librum,
730 3909 797 3978 judi·
845 3934 902 3965 rum
912 3914 1190 3985 idemetsutuslimp.
1200 3934 1225 3984 p.
1239 3914 1294 3978 140,
1306 3929 1362 3964 aar·

286 3984 362 4038 canali
373 3985 565 4036 instrumentum
577 3997 601 4038 et
611 3985 764 4061 principium
776 4005 797 4038 s·
845 3991 980 4060 rat‚quiea
992 3992 1083 4044 eodem
1092 3993 1162 4044 scote
1172 3990 1282 4051 hausisse
1290 3986 1363 4038 vitle-

286 4062 368 4136 prima
387 4061 552 4134 philosophie
566 4062 697 4116 elementa.
717 4064 796 4136 Diog.
845 4082 895 4132 tur,
906 4089 958 4138 quo
967 4082 1051 4122 natur
1063 4089 1122 4122 usus
1135 4082 1179 4136 est.
1194 4068 1288 4120 Contra
1300 4085 1362 4117 eum

286 4145 366 4196 Laert·
390 4143 429 4206 X,
450 4142 490 4194 3ο.
511 4142 592 4194 Adeas
609 4142 698 4198 Buhlii
712 4143 796 4196 Coru-
845 4158 1035 4216 argumentatur
1048 4147 1145 4218 Seneca
1159 4147 1207 4219 Ep.
1218 4159 1291 4196 κεῖν.
1305 4141 1342 4192 Ii.

286 4232 388 4274 mental.
412 4221 438 4273 in
461 4219 639 4273 Cornmeutatt
658 4223 716 4274 Sos.
731 4221 795 4293 neg.
879 4228 901 4276 5.
913 4223 1063 4311 Nam'eum
1077 4227 1161 4277 locum
1176 4227 1224 4292 qui
1234 4223 1364 4276 Mom'tio-
