<?xml version="1.0" encoding="UTF-8"?>
<!DOCTYPE html PUBLIC "-//W3C//DTD XHTML 1.0 Transitional//EN"
    "http://www.w3.org/TR/xhtml1/DTD/xhtml1-transitional.dtd">
<html xmlns="http://www.w3.org/1999/xhtml" xml:lang="en" lang="en">
 <head>
  <title>
</title>
<meta http-equiv="Content-Type" content="text/html;charset=utf-8" />
  <meta name='ocr-system' content='tesseract 3.04.00' />
  <meta name='ocr-capabilities' content='ocr_page ocr_carea ocr_par ocr_line ocrx_word'/>
</head>
<body>
  <div class='ocr_page' id='page_1' title='image "./lannsenecparspr04bouigoog_0565.png"; bbox 0 0 2950 4934; ppageno 0'>
   <div class='ocr_carea' id='block_1_1' title="bbox 234 409 1127 562">
    <p class='ocr_par' dir='ltr' id='par_1_1' title="bbox 234 409 1127 562">
     <span class='ocr_line' id='line_1_1' title="bbox 234 409 1127 562; baseline 0.001 -28"><span class='ocrx_word' id='word_1_1' title='bbox 234 463 750 534; x_wconf 80' lang='lat' dir='ltr'><strong>PHYSIOL.ST01c0n.</strong></span> <span class='ocrx_word' id='word_1_2' title='bbox 779 409 874 533; x_wconf 78' lang='lat' dir='ltr'><strong>ain.</strong></span> <span class='ocrx_word' id='word_1_3' title='bbox 901 465 951 532; x_wconf 91' lang='lat'><strong>11.</strong></span> <span class='ocrx_word' id='word_1_4' title='bbox 1061 471 1127 562; x_wconf 86' lang='lat'><strong>⁵⁵7</strong></span> 
     </span>
    </p>
   </div>
   <div class='ocr_carea' id='block_1_2' title="bbox 41 606 1132 4096">
    <p class='ocr_par' dir='ltr' id='par_1_2' title="bbox 41 606 1132 4096">
     <span class='ocr_line' id='line_1_2' title="bbox 66 606 1130 693; baseline 0.004 -26"><span class='ocrx_word' id='word_1_5' title='bbox 66 609 157 668; x_wconf 77' lang='lat' dir='ltr'><strong>Versu</strong></span> <span class='ocrx_word' id='word_1_6' title='bbox 170 609 270 668; x_wconf 72' lang='lat' dir='ltr'><strong>nemo</strong></span> <span class='ocrx_word' id='word_1_7' title='bbox 284 607 346 668; x_wconf 90' lang='lat' dir='ltr'><strong>vult</strong></span> <span class='ocrx_word' id='word_1_8' title='bbox 359 607 487 681; x_wconf 89' lang='lat' dir='ltr'><strong>dictum,</strong></span> <span class='ocrx_word' id='word_1_9' title='bbox 503 606 577 668; x_wconf 84' lang='lat' dir='ltr'><strong>nibil</strong></span> <span class='ocrx_word' id='word_1_10' title='bbox 597 607 702 687; x_wconf 89' lang='lat' dir='ltr'><strong>perire.</strong></span> <span class='ocrx_word' id='word_1_11' title='bbox 719 606 809 668; x_wconf 78' lang='lat' dir='ltr'><strong>Addit</strong></span> <span class='ocrx_word' id='word_1_12' title='bbox 823 606 971 682; x_wconf 84' lang='lat' dir='ltr'><strong>Laertius,</strong></span> <span class='ocrx_word' id='word_1_13' title='bbox 990 637 1004 664; x_wconf 95' lang='grc' dir='ltr'><strong>ι</strong></span> <span class='ocrx_word' id='word_1_14' title='bbox 1021 611 1130 693; x_wconf 87' lang='lat' dir='ltr'><strong>Carpos</strong></span> 
     </span>
     <span class='ocr_line' id='line_1_3' title="bbox 63 710 1130 798; baseline 0.005 -25"><span class='ocrx_word' id='word_1_15' title='bbox 63 716 143 791; x_wconf 79' lang='lat' dir='ltr'><strong>juxta</strong></span> <span class='ocrx_word' id='word_1_16' title='bbox 152 713 260 774; x_wconf 87' lang='lat' dir='ltr'><strong>Stoicos</strong></span> <span class='ocrx_word' id='word_1_17' title='bbox 270 734 373 773; x_wconf 72' lang='lat' dir='ltr'><strong>esse.»</strong></span> <span class='ocrx_word' id='word_1_18' title='bbox 387 713 431 772; x_wconf 87' lang='lat' dir='ltr'><strong>lta</strong></span> <span class='ocrx_word' id='word_1_19' title='bbox 440 713 506 794; x_wconf 79' lang='lat' dir='ltr'><strong>lego</strong></span> <span class='ocrx_word' id='word_1_20' title='bbox 517 713 548 770; x_wconf 90' lang='lat' dir='ltr'><strong>in</strong></span> <span class='ocrx_word' id='word_1_21' title='bbox 561 711 716 773; x_wconf 79' lang='lat' dir='ltr'><strong>Stobreanis</strong></span> <span class='ocrx_word' id='word_1_22' title='bbox 728 710 863 794; x_wconf 78' lang='lat' dir='ltr'><strong>Eclogisa</strong></span> <span class='ocrx_word' id='word_1_23' title='bbox 879 741 893 766; x_wconf 91' lang='grc' dir='ltr'><strong>ι</strong></span> <span class='ocrx_word' id='word_1_24' title='bbox 907 714 993 774; x_wconf 81' lang='lat' dir='ltr'><strong>Stoici</strong></span> <span class='ocrx_word' id='word_1_25' title='bbox 1008 738 1130 798; x_wconf 82' lang='lat' dir='ltr'><strong>corpus,</strong></span> 
     </span>
     <span class='ocr_line' id='line_1_4' title="bbox 65 817 1132 904; baseline 0.004 -26"><span class='ocrx_word' id='word_1_26' title='bbox 65 818 213 880; x_wconf 74' lang='lat' dir='ltr'><strong>Materiam</strong></span> <span class='ocrx_word' id='word_1_27' title='bbox 228 818 337 879; x_wconf 86' lang='lat' dir='ltr'><strong>dicunt.</strong></span> <span class='ocrx_word' id='word_1_28' title='bbox 353 843 368 870; x_wconf 90' lang='grc' dir='ltr'><strong>ιι</strong></span> <span class='ocrx_word' id='word_1_29' title='bbox 391 819 430 876; x_wconf 72' lang='lat' dir='ltr'><strong>At</strong></span> <span class='ocrx_word' id='word_1_30' title='bbox 443 817 608 898; x_wconf 88' lang='lat' dir='ltr'><strong>quomodo,</strong></span> <span class='ocrx_word' id='word_1_31' title='bbox 625 819 682 880; x_wconf 83' lang='lat' dir='ltr'><strong>nisi</strong></span> <span class='ocrx_word' id='word_1_32' title='bbox 697 818 802 880; x_wconf 86' lang='lat' dir='ltr'><strong>Forma</strong></span> <span class='ocrx_word' id='word_1_33' title='bbox 821 821 971 880; x_wconf 85' lang='lat' dir='ltr'><strong>accesserit</strong></span> <span class='ocrx_word' id='word_1_34' title='bbox 992 822 1054 882; x_wconf 89' lang='lat' dir='ltr'><strong>sine</strong></span> <span class='ocrx_word' id='word_1_35' title='bbox 1074 845 1132 904; x_wconf 87' lang='lat' dir='ltr'><strong>qua</strong></span> 
     </span>
     <span class='ocr_line' id='line_1_5' title="bbox 64 923 1132 1006; baseline 0.006 -22"><span class='ocrx_word' id='word_1_36' title='bbox 64 946 117 984; x_wconf 85' lang='lat' dir='ltr'><strong>nec</strong></span> <span class='ocrx_word' id='word_1_37' title='bbox 132 923 330 996; x_wconf 87' lang='lat' dir='ltr'><strong>latitudinem,</strong></span> <span class='ocrx_word' id='word_1_38' title='bbox 347 945 400 983; x_wconf 88' lang='lat' dir='ltr'><strong>nec</strong></span> <span class='ocrx_word' id='word_1_39' title='bbox 420 924 620 996; x_wconf 81' lang='lat' dir='ltr'><strong>altitudinem,</strong></span> <span class='ocrx_word' id='word_1_40' title='bbox 644 946 698 984; x_wconf 88' lang='lat' dir='ltr'><strong>nec</strong></span> <span class='ocrx_word' id='word_1_41' title='bbox 717 924 926 1006; x_wconf 79' lang='lat' dir='ltr'><strong>longitudinem</strong></span> <span class='ocrx_word' id='word_1_42' title='bbox 942 925 1048 988; x_wconf 81' lang='lat' dir='ltr'><strong>habeti</strong></span> <span class='ocrx_word' id='word_1_43' title='bbox 1069 930 1132 990; x_wconf 87' lang='lat' dir='ltr'><strong>sine</strong></span> 
     </span>
     <span class='ocr_line' id='line_1_6' title="bbox 63 1030 1130 1118; baseline 0.004 -26"><span class='ocrx_word' id='word_1_44' title='bbox 63 1031 165 1112; x_wconf 85' lang='lat' dir='ltr'><strong>quibus</strong></span> <span class='ocrx_word' id='word_1_45' title='bbox 174 1053 231 1090; x_wconf 91' lang='lat' dir='ltr'><strong>non</strong></span> <span class='ocrx_word' id='word_1_46' title='bbox 245 1044 288 1092; x_wconf 87' lang='lat' dir='ltr'><strong>est</strong></span> <span class='ocrx_word' id='word_1_47' title='bbox 297 1031 417 1111; x_wconf 87' lang='lat' dir='ltr'><strong>Corpus.</strong></span> <span class='ocrx_word' id='word_1_48' title='bbox 435 1030 606 1113; x_wconf 81' lang='lat' dir='ltr'><strong>Respondco</strong></span> <span class='ocrx_word' id='word_1_49' title='bbox 617 1075 627 1104; x_wconf 99' lang='lat'><strong>,</strong></span> <span class='ocrx_word' id='word_1_50' title='bbox 638 1030 738 1092; x_wconf 82' lang='lat' dir='ltr'><strong>Stoicis</strong></span> <span class='ocrx_word' id='word_1_51' title='bbox 748 1031 805 1092; x_wconf 78' lang='lat' dir='ltr'><strong>late</strong></span> <span class='ocrx_word' id='word_1_52' title='bbox 817 1032 926 1114; x_wconf 79' lang='lat' dir='ltr'><strong>Corpus</strong></span> <span class='ocrx_word' id='word_1_53' title='bbox 938 1053 1000 1094; x_wconf 84' lang='lat' dir='ltr'><strong>csse</strong></span> <span class='ocrx_word' id='word_1_54' title='bbox 1011 1033 1061 1116; x_wconf 87' lang='lat' dir='ltr'><strong>(dc</strong></span> <span class='ocrx_word' id='word_1_55' title='bbox 1072 1057 1130 1118; x_wconf 89' lang='lat' dir='ltr'><strong>quo</strong></span> 
     </span>
     <span class='ocr_line' id='line_1_7' title="bbox 63 1136 1130 1220; baseline 0.007 -23"><span class='ocrx_word' id='word_1_56' title='bbox 63 1136 172 1219; x_wconf 88' lang='lat' dir='ltr'><strong>postea)</strong></span> <span class='ocrx_word' id='word_1_57' title='bbox 181 1137 322 1220; x_wconf 90' lang='lat' dir='ltr'><strong>quidquid</strong></span> <span class='ocrx_word' id='word_1_58' title='bbox 332 1151 385 1198; x_wconf 74' lang='lat' dir='ltr'><strong>cst.</strong></span> <span class='ocrx_word' id='word_1_59' title='bbox 398 1138 529 1210; x_wconf 84' lang='lat' dir='ltr'><strong>Deinde,</strong></span> <span class='ocrx_word' id='word_1_60' title='bbox 542 1138 692 1198; x_wconf 74' lang='lat' dir='ltr'><strong>Materiam</strong></span> <span class='ocrx_word' id='word_1_61' title='bbox 706 1137 999 1219; x_wconf 82' lang='lat' dir='ltr'><strong>eaipsatriahabere,</strong></span> <span class='ocrx_word' id='word_1_62' title='bbox 1011 1143 1130 1204; x_wconf 87' lang='lat' dir='ltr'><strong>sednon</strong></span> 
     </span>
     <span class='ocr_line' id='line_1_8' title="bbox 62 1243 1132 1328; baseline 0.006 -26"><span class='ocrx_word' id='word_1_63' title='bbox 62 1245 142 1304; x_wconf 82' lang='lat' dir='ltr'><strong>finita</strong></span> <span class='ocrx_word' id='word_1_64' title='bbox 154 1289 163 1318; x_wconf 93' lang='lat'><strong>,</strong></span> <span class='ocrx_word' id='word_1_65' title='bbox 175 1245 231 1302; x_wconf 91' lang='lat' dir='ltr'><strong>nisi</strong></span> <span class='ocrx_word' id='word_1_66' title='bbox 242 1244 395 1303; x_wconf 80' lang='lat' dir='ltr'><strong>accedente</strong></span> <span class='ocrx_word' id='word_1_67' title='bbox 406 1243 508 1303; x_wconf 84' lang='lat' dir='ltr'><strong>Forma</strong></span> <span class='ocrx_word' id='word_1_68' title='bbox 518 1286 527 1317; x_wconf 94' lang='lat'><strong>,</strong></span> <span class='ocrx_word' id='word_1_69' title='bbox 539 1265 602 1323; x_wconf 72' lang='lat' dir='ltr'><strong>qua</strong></span> <span class='ocrx_word' id='word_1_70' title='bbox 612 1244 828 1304; x_wconf 79' lang='lat' dir='ltr'><strong>circumscribit.</strong></span> <span class='ocrx_word' id='word_1_71' title='bbox 842 1243 902 1304; x_wconf 86' lang='lat' dir='ltr'><strong>Nec</strong></span> <span class='ocrx_word' id='word_1_72' title='bbox 917 1243 1054 1306; x_wconf 91' lang='lat' dir='ltr'><strong>Platonici</strong></span> <span class='ocrx_word' id='word_1_73' title='bbox 1064 1250 1132 1328; x_wconf 90' lang='lat' dir='ltr'><strong>qui·</strong></span> 
     </span>
     <span class='ocr_line' id='line_1_9' title="bbox 60 1349 1130 1434; baseline 0.006 -26"><span class='ocrx_word' id='word_1_74' title='bbox 60 1349 129 1409; x_wconf 89' lang='lat' dir='ltr'><strong>dem</strong></span> <span class='ocrx_word' id='word_1_75' title='bbox 142 1349 228 1408; x_wconf 85' lang='lat' dir='ltr'><strong>alieni</strong></span> <span class='ocrx_word' id='word_1_76' title='bbox 248 1349 354 1408; x_wconf 84' lang='lat' dir='ltr'><strong>abbae</strong></span> <span class='ocrx_word' id='word_1_77' title='bbox 375 1349 536 1420; x_wconf 89' lang='lat' dir='ltr'><strong>sententia,</strong></span> <span class='ocrx_word' id='word_1_78' title='bbox 553 1350 627 1409; x_wconf 86' lang='lat' dir='ltr'><strong>inter</strong></span> <span class='ocrx_word' id='word_1_79' title='bbox 640 1371 713 1430; x_wconf 93' lang='lat' dir='ltr'><strong>quos</strong></span> <span class='ocrx_word' id='word_1_80' title='bbox 731 1349 898 1410; x_wconf 68' lang='lat' dir='ltr'><strong>Plutarchus</strong></span> <span class='ocrx_word' id='word_1_81' title='bbox 914 1349 1048 1412; x_wconf 74' lang='lat' dir='ltr'><strong>describit</strong></span> <span class='ocrx_word' id='word_1_82' title='bbox 1062 1351 1130 1434; x_wconf 86' lang='lat' dir='ltr'><strong>(De</strong></span> 
     </span>
     <span class='ocr_line' id='line_1_10' title="bbox 60 1452 1129 1538; baseline 0.006 -25"><span class='ocrx_word' id='word_1_83' title='bbox 60 1457 191 1535; x_wconf 82' lang='lat' dir='ltr'><strong>genitura</strong></span> <span class='ocrx_word' id='word_1_84' title='bbox 199 1452 342 1537; x_wconf 76' lang='lat' dir='ltr'><strong>.lnimac)=</strong></span> <span class='ocrx_word' id='word_1_85' title='bbox 359 1480 375 1508; x_wconf 89' lang='grc' dir='ltr'><strong>ιι</strong></span> <span class='ocrx_word' id='word_1_86' title='bbox 387 1454 538 1514; x_wconf 73' lang='lat' dir='ltr'><strong>Materiam</strong></span> <span class='ocrx_word' id='word_1_87' title='bbox 548 1467 597 1516; x_wconf 89' lang='lat' dir='ltr'><strong>aut</strong></span> <span class='ocrx_word' id='word_1_88' title='bbox 607 1452 692 1514; x_wconf 86' lang='lat' dir='ltr'><strong>cbaos</strong></span> <span class='ocrx_word' id='word_1_89' title='bbox 704 1497 713 1529; x_wconf 95' lang='lat'><strong>,</strong></span> <span class='ocrx_word' id='word_1_90' title='bbox 726 1476 784 1514; x_wconf 90' lang='lat' dir='ltr'><strong>non</strong></span> <span class='ocrx_word' id='word_1_91' title='bbox 799 1456 1016 1536; x_wconf 82' lang='lat' dir='ltr'><strong>incorpoream,</strong></span> <span class='ocrx_word' id='word_1_92' title='bbox 1035 1479 1129 1538; x_wconf 88' lang='lat' dir='ltr'><strong>neque</strong></span> 
     </span>
     <span class='ocr_line' id='line_1_11' title="bbox 59 1559 1130 1642; baseline 0.007 -22"><span class='ocrx_word' id='word_1_93' title='bbox 59 1561 255 1633; x_wconf 84' lang='lat' dir='ltr'><strong>immobilem,</strong></span> <span class='ocrx_word' id='word_1_94' title='bbox 278 1581 373 1642; x_wconf 83' lang='lat' dir='ltr'><strong>neque</strong></span> <span class='ocrx_word' id='word_1_95' title='bbox 394 1562 571 1634; x_wconf 84' lang='lat' dir='ltr'><strong>inanirnam,</strong></span> <span class='ocrx_word' id='word_1_96' title='bbox 592 1560 645 1620; x_wconf 88' lang='lat' dir='ltr'><strong>sed</strong></span> <span class='ocrx_word' id='word_1_97' title='bbox 667 1559 790 1628; x_wconf 82' lang='lat' dir='ltr'><strong>informe</strong></span> <span class='ocrx_word' id='word_1_98' title='bbox 814 1575 843 1622; x_wconf 89' lang='lat' dir='ltr'><strong>et</strong></span> <span class='ocrx_word' id='word_1_99' title='bbox 866 1563 1041 1624; x_wconf 88' lang='lat' dir='ltr'><strong>inconditum</strong></span> <span class='ocrx_word' id='word_1_100' title='bbox 1057 1565 1130 1627; x_wconf 90' lang='lat' dir='ltr'><strong>illud</strong></span> 
     </span>
     <span class='ocr_line' id='line_1_12' title="bbox 58 1643 1130 1753; baseline 0.007 -26"><span class='ocrx_word' id='word_1_101' title='bbox 58 1689 229 1749; x_wconf 89' lang='lat' dir='ltr'><strong>corporeum</strong></span> <span class='ocrx_word' id='word_1_102' title='bbox 250 1643 394 1728; x_wconf 80' lang='lat' dir='ltr'><strong>babuisse.</strong></span> <span class='ocrx_word' id='word_1_103' title='bbox 415 1694 429 1720; x_wconf 86' lang='grc' dir='ltr'><strong>ι</strong></span> <span class='ocrx_word' id='word_1_104' title='bbox 447 1667 612 1747; x_wconf 90' lang='lat' dir='ltr'><strong>lterumque</strong></span> <span class='ocrx_word' id='word_1_105' title='bbox 626 1666 746 1749; x_wconf 89' lang='lat' dir='ltr'><strong>(ibid.)</strong></span> <span class='ocrx_word' id='word_1_106' title='bbox 764 1692 772 1726; x_wconf 81' lang='lat' dir='ltr'><strong>r</strong></span> <span class='ocrx_word' id='word_1_107' title='bbox 792 1695 805 1722; x_wconf 88' lang='grc' dir='ltr'><strong>ιι</strong></span> <span class='ocrx_word' id='word_1_108' title='bbox 825 1669 902 1729; x_wconf 91' lang='lat' dir='ltr'><strong>lllud</strong></span> <span class='ocrx_word' id='word_1_109' title='bbox 916 1672 1086 1753; x_wconf 83' lang='lat' dir='ltr'><strong>omnicapax</strong></span> <span class='ocrx_word' id='word_1_110' title='bbox 1101 1685 1130 1734; x_wconf 88' lang='lat' dir='ltr'><strong>et</strong></span> 
     </span>
     <span class='ocr_line' id='line_1_13' title="bbox 57 1773 1129 1858; baseline 0.004 -24"><span class='ocrx_word' id='word_1_111' title='bbox 57 1775 225 1848; x_wconf 86' lang='lat' dir='ltr'><strong>Materiale,</strong></span> <span class='ocrx_word' id='word_1_112' title='bbox 242 1775 469 1858; x_wconf 73' lang='lat' dir='ltr'><strong>magnitudinem</strong></span> <span class='ocrx_word' id='word_1_113' title='bbox 483 1773 600 1856; x_wconf 90' lang='lat' dir='ltr'><strong>quidem</strong></span> <span class='ocrx_word' id='word_1_114' title='bbox 615 1773 759 1848; x_wconf 83' lang='lat' dir='ltr'><strong>babebat,</strong></span> <span class='ocrx_word' id='word_1_115' title='bbox 776 1787 805 1834; x_wconf 87' lang='lat' dir='ltr'><strong>et</strong></span> <span class='ocrx_word' id='word_1_116' title='bbox 819 1775 999 1836; x_wconf 87' lang='lat' dir='ltr'><strong>intervallum</strong></span> <span class='ocrx_word' id='word_1_117' title='bbox 1013 1818 1022 1852; x_wconf 89' lang='lat'><strong>,</strong></span> <span class='ocrx_word' id='word_1_118' title='bbox 1038 1791 1068 1838; x_wconf 87' lang='lat' dir='ltr'><strong>ct</strong></span> <span class='ocrx_word' id='word_1_119' title='bbox 1079 1779 1129 1838; x_wconf 90' lang='lat' dir='ltr'><strong>lo-</strong></span> 
     </span>
     <span class='ocr_line' id='line_1_14' title="bbox 56 1880 1129 1964; baseline 0.004 -22"><span class='ocrx_word' id='word_1_120' title='bbox 56 1905 125 1942; x_wconf 89' lang='lat' dir='ltr'><strong>cum</strong></span> <span class='ocrx_word' id='word_1_121' title='bbox 139 1907 146 1954; x_wconf 88' lang='lat'><strong>;</strong></span> <span class='ocrx_word' id='word_1_122' title='bbox 162 1881 404 1963; x_wconf 82' lang='lat' dir='ltr'><strong>pulcbrimdincm</strong></span> <span class='ocrx_word' id='word_1_123' title='bbox 419 1901 508 1954; x_wconf 84' lang='lat' dir='ltr'><strong>vero,</strong></span> <span class='ocrx_word' id='word_1_124' title='bbox 527 1894 556 1941; x_wconf 86' lang='lat' dir='ltr'><strong>et</strong></span> <span class='ocrx_word' id='word_1_125' title='bbox 569 1880 710 1953; x_wconf 86' lang='lat' dir='ltr'><strong>sormam,</strong></span> <span class='ocrx_word' id='word_1_126' title='bbox 727 1892 756 1940; x_wconf 92' lang='lat' dir='ltr'><strong>et</strong></span> <span class='ocrx_word' id='word_1_127' title='bbox 769 1881 923 1964; x_wconf 82' lang='lat' dir='ltr'><strong>figurarum</strong></span> <span class='ocrx_word' id='word_1_128' title='bbox 937 1883 1129 1946; x_wconf 81' lang='lat' dir='ltr'><strong>modificatio-</strong></span> 
     </span>
     <span class='ocr_line' id='line_1_15' title="bbox 55 1988 1129 2070; baseline 0.004 -22"><span class='ocrx_word' id='word_1_129' title='bbox 55 2011 125 2048; x_wconf 85' lang='lat' dir='ltr'><strong>nem</strong></span> <span class='ocrx_word' id='word_1_130' title='bbox 140 1989 312 2070; x_wconf 86' lang='lat' dir='ltr'><strong>requirebat.</strong></span> <span class='ocrx_word' id='word_1_131' title='bbox 334 2014 349 2042; x_wconf 89' lang='grc' dir='ltr'><strong>ιι</strong></span> <span class='ocrx_word' id='word_1_132' title='bbox 364 1989 507 2048; x_wconf 89' lang='lat' dir='ltr'><strong>Universc</strong></span> <span class='ocrx_word' id='word_1_133' title='bbox 521 1988 610 2068; x_wconf 79' lang='lat' dir='ltr'><strong>igitur</strong></span> <span class='ocrx_word' id='word_1_134' title='bbox 625 2009 728 2068; x_wconf 89' lang='lat' dir='ltr'><strong>corpus</strong></span> <span class='ocrx_word' id='word_1_135' title='bbox 744 2001 803 2048; x_wconf 88' lang='lat' dir='ltr'><strong>erat</strong></span> <span class='ocrx_word' id='word_1_136' title='bbox 818 2012 826 2058; x_wconf 94' lang='lat'>;</span> <span class='ocrx_word' id='word_1_137' title='bbox 842 1989 900 2048; x_wconf 83' lang='lat' dir='ltr'><strong>tale</strong></span> <span class='ocrx_word' id='word_1_138' title='bbox 916 2002 945 2048; x_wconf 91' lang='lat' dir='ltr'><strong>ct</strong></span> <span class='ocrx_word' id='word_1_139' title='bbox 958 1989 1034 2065; x_wconf 87' lang='lat' dir='ltr'><strong>tale,</strong></span> <span class='ocrx_word' id='word_1_140' title='bbox 1051 1991 1129 2052; x_wconf 87' lang='lat' dir='ltr'><strong>desi-</strong></span> 
     </span>
     <span class='ocr_line' id='line_1_16' title="bbox 54 2092 1127 2179; baseline 0.007 -26"><span class='ocrx_word' id='word_1_141' title='bbox 54 2097 156 2179; x_wconf 81' lang='lat' dir='ltr'><strong>gnatui</strong></span> <span class='ocrx_word' id='word_1_142' title='bbox 167 2108 265 2177; x_wconf 87' lang='lat' dir='ltr'><strong>aptum</strong></span> <span class='ocrx_word' id='word_1_143' title='bbox 276 2139 286 2168; x_wconf 95' lang='lat'><strong>,</strong></span> <span class='ocrx_word' id='word_1_144' title='bbox 298 2117 358 2154; x_wconf 92' lang='lat' dir='ltr'><strong>non</strong></span> <span class='ocrx_word' id='word_1_145' title='bbox 369 2107 439 2154; x_wconf 89' lang='lat' dir='ltr'><strong>erat.</strong></span> <span class='ocrx_word' id='word_1_146' title='bbox 453 2094 592 2175; x_wconf 82' lang='lat' dir='ltr'><strong>Apuleius</strong></span> <span class='ocrx_word' id='word_1_147' title='bbox 604 2092 715 2152; x_wconf 87' lang='lat' dir='ltr'><strong>Platoni</strong></span> <span class='ocrx_word' id='word_1_148' title='bbox 727 2092 806 2155; x_wconf 88' lang='lat' dir='ltr'><strong>baud</strong></span> <span class='ocrx_word' id='word_1_149' title='bbox 819 2095 904 2158; x_wconf 88' lang='lat' dir='ltr'><strong>aliam</strong></span> <span class='ocrx_word' id='word_1_150' title='bbox 916 2109 1042 2158; x_wconf 83' lang='lat' dir='ltr'><strong>mentem</strong></span> <span class='ocrx_word' id='word_1_151' title='bbox 1052 2141 1061 2172; x_wconf 91' lang='lat'>‚</span> <span class='ocrx_word' id='word_1_152' title='bbox 1073 2103 1127 2160; x_wconf 87' lang='lat' dir='ltr'><strong>etsi</strong></span> 
     </span>
     <span class='ocr_line' id='line_1_17' title="bbox 55 2199 1125 2287; baseline 0.006 -27"><span class='ocrx_word' id='word_1_153' title='bbox 55 2201 120 2260; x_wconf 86' lang='lat' dir='ltr'><strong>aliis</strong></span> <span class='ocrx_word' id='word_1_154' title='bbox 133 2201 246 2273; x_wconf 81' lang='lat' dir='ltr'><strong>verbis,</strong></span> <span class='ocrx_word' id='word_1_155' title='bbox 259 2200 396 2260; x_wconf 75' lang='lat' dir='ltr'><strong>attribuit.</strong></span> <span class='ocrx_word' id='word_1_156' title='bbox 412 2226 426 2252; x_wconf 88' lang='grc' dir='ltr'><strong>ι</strong></span> <span class='ocrx_word' id='word_1_157' title='bbox 435 2199 535 2278; x_wconf 82' lang='lat' dir='ltr'><strong>Neque</strong></span> <span class='ocrx_word' id='word_1_158' title='bbox 544 2219 727 2280; x_wconf 80' lang='lat' dir='ltr'><strong>corpoream,</strong></span> <span class='ocrx_word' id='word_1_159' title='bbox 741 2199 1005 2285; x_wconf 81' lang='lat' dir='ltr'><strong>inquit(chogm.</strong></span> <span class='ocrx_word' id='word_1_160' title='bbox 1020 2204 1125 2287; x_wconf 73' lang='lat' dir='ltr'><strong>Plau),</strong></span> 
     </span>
     <span class='ocr_line' id='line_1_18' title="bbox 53 2305 1127 2386; baseline 0.007 -20"><span class='ocrx_word' id='word_1_161' title='bbox 53 2306 226 2379; x_wconf 82' lang='lat' dir='ltr'><strong>Materiam,</strong></span> <span class='ocrx_word' id='word_1_162' title='bbox 238 2327 332 2386; x_wconf 88' lang='lat' dir='ltr'><strong>neque</strong></span> <span class='ocrx_word' id='word_1_163' title='bbox 346 2326 415 2364; x_wconf 88' lang='lat' dir='ltr'><strong>sane</strong></span> <span class='ocrx_word' id='word_1_164' title='bbox 429 2305 627 2384; x_wconf 84' lang='lat' dir='ltr'><strong>incorpoream</strong></span> <span class='ocrx_word' id='word_1_165' title='bbox 642 2325 703 2364; x_wconf 81' lang='lat' dir='ltr'><strong>esse</strong></span> <span class='ocrx_word' id='word_1_166' title='bbox 716 2305 859 2366; x_wconf 87' lang='lat' dir='ltr'><strong>concedit.</strong></span> <span class='ocrx_word' id='word_1_167' title='bbox 878 2306 948 2370; x_wconf 89' lang='lat' dir='ltr'><strong>ldec</strong></span> <span class='ocrx_word' id='word_1_168' title='bbox 962 2323 1058 2372; x_wconf 87' lang='lat' dir='ltr'><strong>autem</strong></span> <span class='ocrx_word' id='word_1_169' title='bbox 1069 2335 1127 2373; x_wconf 88' lang='lat' dir='ltr'><strong>uon</strong></span> 
     </span>
     <span class='ocr_line' id='line_1_19' title="bbox 53 2390 1124 2496; baseline 0.009 -26"><span class='ocrx_word' id='word_1_170' title='bbox 53 2423 140 2492; x_wconf 86' lang='lat' dir='ltr'><strong>putat</strong></span> <span class='ocrx_word' id='word_1_171' title='bbox 152 2433 275 2492; x_wconf 85' lang='lat' dir='ltr'><strong>corpus,</strong></span> <span class='ocrx_word' id='word_1_172' title='bbox 291 2410 369 2491; x_wconf 88' lang='lat' dir='ltr'><strong>qnod</strong></span> <span class='ocrx_word' id='word_1_173' title='bbox 388 2430 474 2468; x_wconf 89' lang='lat' dir='ltr'><strong>omne</strong></span> <span class='ocrx_word' id='word_1_174' title='bbox 488 2430 592 2489; x_wconf 92' lang='lat' dir='ltr'><strong>corpus</strong></span> <span class='ocrx_word' id='word_1_175' title='bbox 605 2411 700 2490; x_wconf 88' lang='lat' dir='ltr'><strong>specie</strong></span> <span class='ocrx_word' id='word_1_176' title='bbox 717 2390 919 2496; x_wconf 83' lang='lat' dir='ltr'><strong>qualicumque</strong></span> <span class='ocrx_word' id='word_1_177' title='bbox 939 2439 997 2478; x_wconf 89' lang='lat' dir='ltr'><strong>non</strong></span> <span class='ocrx_word' id='word_1_178' title='bbox 1019 2432 1124 2480; x_wconf 82' lang='lat' dir='ltr'><strong>careat.</strong></span> 
     </span>
     <span class='ocr_line' id='line_1_20' title="bbox 52 2517 1127 2606; baseline 0.009 -28"><span class='ocrx_word' id='word_1_179' title='bbox 52 2519 123 2578; x_wconf 88' lang='lat' dir='ltr'><strong>Sine</strong></span> <span class='ocrx_word' id='word_1_180' title='bbox 139 2539 257 2598; x_wconf 87' lang='lat' dir='ltr'><strong>corpore</strong></span> <span class='ocrx_word' id='word_1_181' title='bbox 276 2539 344 2576; x_wconf 88' lang='lat' dir='ltr'><strong>vero</strong></span> <span class='ocrx_word' id='word_1_182' title='bbox 365 2538 426 2576; x_wconf 85' lang='lat' dir='ltr'><strong>esse</strong></span> <span class='ocrx_word' id='word_1_183' title='bbox 448 2537 506 2575; x_wconf 91' lang='lat' dir='ltr'><strong>non</strong></span> <span class='ocrx_word' id='word_1_184' title='bbox 520 2517 619 2596; x_wconf 89' lang='lat' dir='ltr'><strong>&#39;potest</strong></span> <span class='ocrx_word' id='word_1_185' title='bbox 640 2517 758 2596; x_wconf 77' lang='lat' dir='ltr'><strong>dicere,</strong></span> <span class='ocrx_word' id='word_1_186' title='bbox 775 2521 841 2598; x_wconf 90' lang='lat' dir='ltr'><strong>quia</strong></span> <span class='ocrx_word' id='word_1_187' title='bbox 857 2521 929 2581; x_wconf 90' lang='lat' dir='ltr'><strong>nibil</strong></span> <span class='ocrx_word' id='word_1_188' title='bbox 949 2524 1127 2606; x_wconf 85' lang='lat' dir='ltr'><strong>incorporale</strong></span> 
     </span>
     <span class='ocr_line' id='line_1_21' title="bbox 51 2623 1128 2709; baseline 0.006 -25"><span class='ocrx_word' id='word_1_189' title='bbox 51 2648 160 2706; x_wconf 88' lang='lat' dir='ltr'><strong>corpus</strong></span> <span class='ocrx_word' id='word_1_190' title='bbox 174 2623 307 2684; x_wconf 87' lang='lat' dir='ltr'><strong>adhibeat</strong></span> <span class='ocrx_word' id='word_1_191' title='bbox 319 2649 328 2683; x_wconf 73' lang='lat' dir='ltr'><strong>a</strong></span> <span class='ocrx_word' id='word_1_192' title='bbox 340 2623 393 2684; x_wconf 88' lang='lat' dir='ltr'><strong>sed</strong></span> <span class='ocrx_word' id='word_1_193' title='bbox 402 2625 430 2684; x_wconf 82' lang='lat' dir='ltr'><strong>vi</strong></span> <span class='ocrx_word' id='word_1_194' title='bbox 443 2635 471 2683; x_wconf 87' lang='lat' dir='ltr'><strong>et</strong></span> <span class='ocrx_word' id='word_1_195' title='bbox 481 2624 590 2682; x_wconf 88' lang='lat' dir='ltr'><strong>ratione</strong></span> <span class='ocrx_word' id='word_1_196' title='bbox 601 2623 656 2682; x_wconf 93' lang='lat' dir='ltr'><strong>sibi</strong></span> <span class='ocrx_word' id='word_1_197' title='bbox 671 2645 734 2683; x_wconf 88' lang='lat' dir='ltr'><strong>cam</strong></span> <span class='ocrx_word' id='word_1_198' title='bbox 749 2625 841 2686; x_wconf 89' lang='lat' dir='ltr'><strong>videri</strong></span> <span class='ocrx_word' id='word_1_199' title='bbox 852 2650 1028 2709; x_wconf 86' lang='lat' dir='ltr'><strong>corpoream.</strong></span> <span class='ocrx_word' id='word_1_200' title='bbox 1040 2658 1054 2685; x_wconf 88' lang='grc' dir='ltr'><strong>ι</strong></span> <span class='ocrx_word' id='word_1_201' title='bbox 1067 2633 1093 2691; x_wconf 89' lang='lat' dir='ltr'>N</span> <span class='ocrx_word' id='word_1_202' title='bbox 1094 2655 1128 2694; x_wconf 86' lang='lat' dir='ltr'><strong>e-</strong></span> 
     </span>
     <span class='ocr_line' id='line_1_22' title="bbox 50 2730 1128 2814; baseline 0.008 -22"><span class='ocrx_word' id='word_1_203' title='bbox 50 2755 113 2814; x_wconf 88' lang='lat' dir='ltr'><strong>que</strong></span> <span class='ocrx_word' id='word_1_204' title='bbox 132 2733 298 2794; x_wconf 77' lang='lat' dir='ltr'><strong>Aristoteles</strong></span> <span class='ocrx_word' id='word_1_205' title='bbox 317 2745 360 2792; x_wconf 88' lang='lat' dir='ltr'><strong>cst</strong></span> <span class='ocrx_word' id='word_1_206' title='bbox 382 2733 413 2790; x_wconf 93' lang='lat' dir='ltr'><strong>in</strong></span> <span class='ocrx_word' id='word_1_207' title='bbox 432 2731 488 2790; x_wconf 87' lang='lat' dir='ltr'><strong>alia</strong></span> <span class='ocrx_word' id='word_1_208' title='bbox 502 2742 617 2806; x_wconf 89' lang='lat' dir='ltr'><strong>mente,</strong></span> <span class='ocrx_word' id='word_1_209' title='bbox 633 2733 684 2811; x_wconf 88' lang='lat' dir='ltr'><strong>qui</strong></span> <span class='ocrx_word' id='word_1_210' title='bbox 697 2730 854 2794; x_wconf 66' lang='lat' dir='ltr'><strong>Murenam</strong></span> <span class='ocrx_word' id='word_1_211' title='bbox 868 2735 1054 2798; x_wconf 66' lang='lat' dir='ltr'><strong>ubstana‘am</strong></span> <span class='ocrx_word' id='word_1_212' title='bbox 1069 2762 1128 2801; x_wconf 80' lang='lat' dir='ltr'><strong>esse</strong></span> 
     </span>
     <span class='ocr_line' id='line_1_23' title="bbox 50 2837 1126 2927; baseline 0.007 -28"><span class='ocrx_word' id='word_1_213' title='bbox 50 2839 209 2900; x_wconf 81' lang='lat' dir='ltr'><strong>aslirrnavit</strong></span> <span class='ocrx_word' id='word_1_214' title='bbox 222 2837 309 2922; x_wconf 86' lang='lat' dir='ltr'>(VIII</span> <span class='ocrx_word' id='word_1_215' title='bbox 323 2837 453 2922; x_wconf 76' lang='lat' dir='ltr'><strong>Physic.)</strong></span> <span class='ocrx_word' id='word_1_216' title='bbox 466 2862 474 2896; x_wconf 77' lang='grc' dir='ltr'><strong>ι</strong></span> <span class='ocrx_word' id='word_1_217' title='bbox 487 2838 538 2898; x_wconf 84' lang='lat' dir='ltr'><strong>sed</strong></span> <span class='ocrx_word' id='word_1_218' title='bbox 553 2859 639 2898; x_wconf 81' lang='lat' dir='ltr'><strong>sensu</strong></span> <span class='ocrx_word' id='word_1_219' title='bbox 650 2861 736 2919; x_wconf 88' lang='lat' dir='ltr'><strong>quern</strong></span> <span class='ocrx_word' id='word_1_220' title='bbox 751 2840 920 2902; x_wconf 88' lang='lat' dir='ltr'><strong>Posidonius</strong></span> <span class='ocrx_word' id='word_1_221' title='bbox 936 2843 1046 2904; x_wconf 89' lang='lat' dir='ltr'><strong>Stoicus</strong></span> <span class='ocrx_word' id='word_1_222' title='bbox 1057 2868 1126 2927; x_wconf 90' lang='lat' dir='ltr'><strong>ape·</strong></span> 
     </span>
     <span class='ocr_line' id='line_1_24' title="bbox 49 2943 1127 3029; baseline 0.007 -23"><span class='ocrx_word' id='word_1_223' title='bbox 49 2949 92 3007; x_wconf 87' lang='lat' dir='ltr'><strong>rit</strong></span> <span class='ocrx_word' id='word_1_224' title='bbox 105 2945 183 3028; x_wconf 78' lang='lat' dir='ltr'><strong>(vll</strong></span> <span class='ocrx_word' id='word_1_225' title='bbox 197 2943 361 3026; x_wconf 83' lang='lat' dir='ltr'><strong>Metapbys.</strong></span> <span class='ocrx_word' id='word_1_226' title='bbox 379 2967 443 3025; x_wconf 87' lang='lat' dir='ltr'><strong>cap.</strong></span> <span class='ocrx_word' id='word_1_227' title='bbox 463 2944 517 3027; x_wconf 75' lang='lat'><strong>3)=</strong></span> <span class='ocrx_word' id='word_1_228' title='bbox 534 2944 680 3004; x_wconf 72' lang='lat' dir='ltr'><strong>«Differre</strong></span> <span class='ocrx_word' id='word_1_229' title='bbox 694 2947 882 3006; x_wconf 85' lang='lat' dir='ltr'><strong>substantiam</strong></span> <span class='ocrx_word' id='word_1_230' title='bbox 898 2957 959 3029; x_wconf 71' lang='lat' dir='ltr'><strong>qum</strong></span> <span class='ocrx_word' id='word_1_231' title='bbox 975 2952 1092 3028; x_wconf 86' lang='lat' dir='ltr'><strong>existit,</strong></span> <span class='ocrx_word' id='word_1_232' title='bbox 1109 2976 1127 3014; x_wconf 89' lang='lat' dir='ltr'><strong>a</strong></span> 
     </span>
     <span class='ocr_line' id='line_1_25' title="bbox 47 3051 1126 3136; baseline 0.004 -22"><span class='ocrx_word' id='word_1_233' title='bbox 47 3054 199 3126; x_wconf 82' lang='lat' dir='ltr'><strong>Materia,</strong></span> <span class='ocrx_word' id='word_1_234' title='bbox 211 3055 320 3114; x_wconf 88' lang='lat' dir='ltr'><strong>ratione</strong></span> <span class='ocrx_word' id='word_1_235' title='bbox 332 3065 362 3113; x_wconf 90' lang='lat' dir='ltr'><strong>et</strong></span> <span class='ocrx_word' id='word_1_236' title='bbox 377 3051 524 3112; x_wconf 79' lang='lat' dir='ltr'><strong>intellectu</strong></span> <span class='ocrx_word' id='word_1_237' title='bbox 538 3065 660 3114; x_wconf 87' lang='lat' dir='ltr'><strong>tanturn.</strong></span> <span class='ocrx_word' id='word_1_238' title='bbox 677 3080 691 3107; x_wconf 90' lang='grc' dir='ltr'><strong>ιι</strong></span> <span class='ocrx_word' id='word_1_239' title='bbox 707 3053 764 3114; x_wconf 88' lang='lat' dir='ltr'><strong>Sed</strong></span> <span class='ocrx_word' id='word_1_240' title='bbox 777 3056 871 3136; x_wconf 78' lang='lat' dir='ltr'><strong>pergit</strong></span> <span class='ocrx_word' id='word_1_241' title='bbox 888 3054 1032 3131; x_wconf 83' lang='lat' dir='ltr'><strong>Laertius,</strong></span> <span class='ocrx_word' id='word_1_242' title='bbox 1047 3085 1062 3112; x_wconf 91' lang='grc' dir='ltr'><strong>ιι</strong></span> <span class='ocrx_word' id='word_1_243' title='bbox 1071 3061 1126 3118; x_wconf 83' lang='lat' dir='ltr'><strong>At-</strong></span> 
     </span>
     <span class='ocr_line' id='line_1_26' title="bbox 46 3159 1128 3241; baseline 0.005 -21"><span class='ocrx_word' id='word_1_244' title='bbox 46 3183 111 3241; x_wconf 87' lang='lat' dir='ltr'><strong>que</strong></span> <span class='ocrx_word' id='word_1_245' title='bbox 125 3162 197 3221; x_wconf 87' lang='lat' dir='ltr'><strong>item</strong></span> <span class='ocrx_word' id='word_1_246' title='bbox 211 3162 301 3221; x_wconf 86' lang='lat' dir='ltr'><strong>finita.</strong></span> <span class='ocrx_word' id='word_1_247' title='bbox 318 3187 332 3212; x_wconf 92' lang='grc' dir='ltr'><strong>ιι</strong></span> <span class='ocrx_word' id='word_1_248' title='bbox 348 3159 432 3234; x_wconf 84' lang='lat' dir='ltr'><strong>Quod</strong></span> <span class='ocrx_word' id='word_1_249' title='bbox 447 3181 546 3219; x_wconf 86' lang='lat' dir='ltr'><strong>verum</strong></span> <span class='ocrx_word' id='word_1_250' title='bbox 561 3173 604 3220; x_wconf 86' lang='lat' dir='ltr'><strong>est</strong></span> <span class='ocrx_word' id='word_1_251' title='bbox 620 3185 629 3219; x_wconf 79' lang='lat' dir='ltr'><strong>r</strong></span> <span class='ocrx_word' id='word_1_252' title='bbox 646 3160 754 3220; x_wconf 91' lang='lat' dir='ltr'><strong>mundo</strong></span> <span class='ocrx_word' id='word_1_253' title='bbox 769 3163 844 3220; x_wconf 86' lang='lat' dir='ltr'><strong>enirn</strong></span> <span class='ocrx_word' id='word_1_254' title='bbox 860 3162 966 3224; x_wconf 85' lang='lat' dir='ltr'><strong>clausa.</strong></span> <span class='ocrx_word' id='word_1_255' title='bbox 983 3163 1044 3224; x_wconf 87' lang='lat' dir='ltr'><strong>Etsi</strong></span> <span class='ocrx_word' id='word_1_256' title='bbox 1056 3167 1128 3226; x_wconf 82' lang='lat' dir='ltr'><strong>infi-</strong></span> 
     </span>
     <span class='ocr_line' id='line_1_27' title="bbox 45 3267 1122 3355; baseline 0.006 -29"><span class='ocrx_word' id='word_1_257' title='bbox 45 3269 145 3326; x_wconf 85' lang='lat' dir='ltr'><strong>nitam</strong></span> <span class='ocrx_word' id='word_1_258' title='bbox 158 3268 244 3326; x_wconf 85' lang='lat' dir='ltr'><strong>etiam</strong></span> <span class='ocrx_word' id='word_1_259' title='bbox 259 3267 398 3326; x_wconf 87' lang='lat' dir='ltr'><strong>Platonici</strong></span> <span class='ocrx_word' id='word_1_260' title='bbox 414 3277 561 3340; x_wconf 85' lang='lat' dir='ltr'><strong>asserunt,</strong></span> <span class='ocrx_word' id='word_1_261' title='bbox 574 3267 631 3326; x_wconf 86' lang='lat' dir='ltr'><strong>alio</strong></span> <span class='ocrx_word' id='word_1_262' title='bbox 644 3280 773 3348; x_wconf 87' lang='lat' dir='ltr'><strong>aspectu.</strong></span> <span class='ocrx_word' id='word_1_263' title='bbox 787 3268 925 3348; x_wconf 77' lang='lat' dir='ltr'><strong>Apuleius</strong></span> <span class='ocrx_word' id='word_1_264' title='bbox 946 3267 1009 3352; x_wconf 89' lang='lat' dir='ltr'><strong>(De</strong></span> <span class='ocrx_word' id='word_1_265' title='bbox 1018 3272 1122 3355; x_wconf 84' lang='lat' dir='ltr'><strong>Dogm.</strong></span> 
     </span>
     <span class='ocr_line' id='line_1_28' title="bbox 47 3371 1128 3454; baseline 0.007 -22"><span class='ocrx_word' id='word_1_266' title='bbox 47 3371 171 3454; x_wconf 82' lang='lat' dir='ltr'><strong>Plat.)r</strong></span> <span class='ocrx_word' id='word_1_267' title='bbox 187 3400 201 3426; x_wconf 90' lang='grc' dir='ltr'><strong>ιι</strong></span> <span class='ocrx_word' id='word_1_268' title='bbox 215 3373 360 3432; x_wconf 86' lang='lat' dir='ltr'><strong>lolioitam</strong></span> <span class='ocrx_word' id='word_1_269' title='bbox 370 3371 522 3431; x_wconf 87' lang='lat' dir='ltr'><strong>Materiam</strong></span> <span class='ocrx_word' id='word_1_270' title='bbox 533 3385 751 3446; x_wconf 87' lang='lat' dir='ltr'><strong>commemorat,</strong></span> <span class='ocrx_word' id='word_1_271' title='bbox 765 3373 843 3453; x_wconf 90' lang='lat' dir='ltr'><strong>quod</strong></span> <span class='ocrx_word' id='word_1_272' title='bbox 858 3376 884 3434; x_wconf 89' lang='lat' dir='ltr'><strong>ei</strong></span> <span class='ocrx_word' id='word_1_273' title='bbox 899 3377 935 3434; x_wconf 89' lang='lat' dir='ltr'><strong>sit</strong></span> <span class='ocrx_word' id='word_1_274' title='bbox 946 3377 1128 3440; x_wconf 86' lang='lat' dir='ltr'><strong>interminata</strong></span> 
     </span>
     <span class='ocr_line' id='line_1_29' title="bbox 44 3477 1126 3566; baseline 0.006 -26"><span class='ocrx_word' id='word_1_275' title='bbox 44 3478 223 3561; x_wconf 83' lang='lat' dir='ltr'><strong>magnitudo</strong></span> <span class='ocrx_word' id='word_1_276' title='bbox 235 3503 244 3548; x_wconf 83' lang='lat'>;</span> <span class='ocrx_word' id='word_1_277' title='bbox 268 3500 335 3538; x_wconf 85' lang='lat' dir='ltr'><strong>nam</strong></span> <span class='ocrx_word' id='word_1_278' title='bbox 357 3477 434 3557; x_wconf 90' lang='lat' dir='ltr'><strong>quod</strong></span> <span class='ocrx_word' id='word_1_279' title='bbox 455 3479 599 3538; x_wconf 89' lang='lat' dir='ltr'><strong>inlinitum</strong></span> <span class='ocrx_word' id='word_1_280' title='bbox 616 3491 677 3552; x_wconf 88' lang='lat' dir='ltr'><strong>est,</strong></span> <span class='ocrx_word' id='word_1_281' title='bbox 702 3479 899 3542; x_wconf 88' lang='lat' dir='ltr'><strong>indistinctum</strong></span> <span class='ocrx_word' id='word_1_282' title='bbox 923 3485 1126 3566; x_wconf 73' lang='lat' dir='ltr'><strong>magnitudinis</strong></span> 
     </span>
     <span class='ocr_line' id='line_1_30' title="bbox 43 3585 1124 3671; baseline 0.007 -26"><span class='ocrx_word' id='word_1_283' title='bbox 43 3586 143 3646; x_wconf 85' lang='lat' dir='ltr'><strong>babet</strong></span> <span class='ocrx_word' id='word_1_284' title='bbox 156 3586 253 3645; x_wconf 89' lang='lat' dir='ltr'><strong>linem.</strong></span> <span class='ocrx_word' id='word_1_285' title='bbox 270 3612 284 3638; x_wconf 88' lang='grc' dir='ltr'><strong>ιι</strong></span> <span class='ocrx_word' id='word_1_286' title='bbox 300 3585 422 3664; x_wconf 87' lang='lat' dir='ltr'><strong>Utrique</strong></span> <span class='ocrx_word' id='word_1_287' title='bbox 436 3597 525 3645; x_wconf 86' lang='lat' dir='ltr'><strong>recte.</strong></span> <span class='ocrx_word' id='word_1_288' title='bbox 542 3585 648 3659; x_wconf 88' lang='lat' dir='ltr'><strong>Stoici,</strong></span> <span class='ocrx_word' id='word_1_289' title='bbox 663 3587 732 3666; x_wconf 89' lang='lat' dir='ltr'><strong>quia</strong></span> <span class='ocrx_word' id='word_1_290' title='bbox 746 3587 822 3648; x_wconf 87' lang='lat' dir='ltr'><strong>liniri</strong></span> <span class='ocrx_word' id='word_1_291' title='bbox 836 3601 949 3671; x_wconf 87' lang='lat' dir='ltr'><strong>potest,</strong></span> <span class='ocrx_word' id='word_1_292' title='bbox 966 3604 994 3650; x_wconf 87' lang='lat' dir='ltr'><strong>et</strong></span> <span class='ocrx_word' id='word_1_293' title='bbox 1007 3593 1124 3653; x_wconf 78' lang='lat' dir='ltr'><strong>linitura</strong></span> 
     </span>
     <span class='ocr_line' id='line_1_31' title="bbox 44 3689 1126 3774; baseline 0.006 -24"><span class='ocrx_word' id='word_1_294' title='bbox 44 3693 195 3752; x_wconf 87' lang='lat' dir='ltr'><strong>Platonici</strong></span> <span class='ocrx_word' id='word_1_295' title='bbox 207 3736 216 3766; x_wconf 95' lang='lat'><strong>,</strong></span> <span class='ocrx_word' id='word_1_296' title='bbox 228 3692 297 3772; x_wconf 89' lang='lat' dir='ltr'><strong>quia</strong></span> <span class='ocrx_word' id='word_1_297' title='bbox 307 3692 338 3750; x_wconf 88' lang='lat' dir='ltr'><strong>in</strong></span> <span class='ocrx_word' id='word_1_298' title='bbox 352 3712 383 3750; x_wconf 89' lang='lat' dir='ltr'><strong>se</strong></span> <span class='ocrx_word' id='word_1_299' title='bbox 397 3689 573 3750; x_wconf 86' lang='lat' dir='ltr'><strong>considerata</strong></span> <span class='ocrx_word' id='word_1_300' title='bbox 588 3690 732 3774; x_wconf 85' lang='lat' dir='ltr'><strong>(exempli</strong></span> <span class='ocrx_word' id='word_1_301' title='bbox 748 3715 848 3769; x_wconf 84' lang='lat' dir='ltr'><strong>causo,</strong></span> <span class='ocrx_word' id='word_1_302' title='bbox 862 3691 927 3756; x_wconf 84' lang='lat' dir='ltr'><strong>airte</strong></span> <span class='ocrx_word' id='word_1_303' title='bbox 941 3697 1041 3756; x_wconf 89' lang='lat' dir='ltr'><strong>mundi</strong></span> <span class='ocrx_word' id='word_1_304' title='bbox 1052 3721 1126 3756; x_wconf 91' lang='lat' dir='ltr'><strong>con-</strong></span> 
     </span>
     <span class='ocr_line' id='line_1_32' title="bbox 42 3793 1124 3880; baseline 0 -22"><span class='ocrx_word' id='word_1_305' title='bbox 42 3797 165 3880; x_wconf 88' lang='lat' dir='ltr'><strong>ditum)</strong></span> <span class='ocrx_word' id='word_1_306' title='bbox 180 3797 250 3856; x_wconf 86' lang='lat' dir='ltr'><strong>fines</strong></span> <span class='ocrx_word' id='word_1_307' title='bbox 265 3809 356 3856; x_wconf 86' lang='lat' dir='ltr'><strong>certos</strong></span> <span class='ocrx_word' id='word_1_308' title='bbox 370 3817 428 3854; x_wconf 88' lang='lat' dir='ltr'><strong>oon</strong></span> <span class='ocrx_word' id='word_1_309' title='bbox 443 3793 539 3858; x_wconf 87' lang='lat' dir='ltr'><strong>babet.</strong></span> <span class='ocrx_word' id='word_1_310' title='bbox 556 3795 708 3876; x_wconf 84' lang='lat' dir='ltr'><strong>Sequitur,</strong></span> <span class='ocrx_word' id='word_1_311' title='bbox 727 3825 741 3850; x_wconf 88' lang='grc' dir='ltr'><strong>ιι</strong></span> <span class='ocrx_word' id='word_1_312' title='bbox 757 3797 905 3860; x_wconf 89' lang='lat' dir='ltr'><strong>Patibilem</strong></span> <span class='ocrx_word' id='word_1_313' title='bbox 921 3801 1094 3864; x_wconf 75' lang='lat' dir='ltr'><strong>etiam&#39;essc.</strong></span> <span class='ocrx_word' id='word_1_314' title='bbox 1109 3830 1124 3858; x_wconf 89' lang='grc' dir='ltr'><strong>ιι</strong></span> 
     </span>
     <span class='ocr_line' id='line_1_33' title="bbox 41 3901 1126 3986; baseline 0.006 -22"><span class='ocrx_word' id='word_1_315' title='bbox 41 3905 133 3964; x_wconf 91' lang='lat' dir='ltr'><strong>Male</strong></span> <span class='ocrx_word' id='word_1_316' title='bbox 148 3905 227 3964; x_wconf 87' lang='lat' dir='ltr'><strong>enirn</strong></span> <span class='ocrx_word' id='word_1_317' title='bbox 242 3905 272 3962; x_wconf 93' lang='lat' dir='ltr'><strong>in</strong></span> <span class='ocrx_word' id='word_1_318' title='bbox 289 3901 388 3962; x_wconf 81' lang='lat' dir='ltr'><strong>Greco</strong></span> <span class='ocrx_word' id='word_1_319' title='bbox 402 3907 520 3967; x_wconf 74' lang='grc' dir='ltr'>ἀπαθιιτὴ</span> <span class='ocrx_word' id='word_1_320' title='bbox 534 3901 649 3983; x_wconf 83' lang='lat' dir='ltr'><strong>legitur,</strong></span> <span class='ocrx_word' id='word_1_321' title='bbox 664 3902 695 3962; x_wconf 92' lang='lat' dir='ltr'><strong>id</strong></span> <span class='ocrx_word' id='word_1_322' title='bbox 710 3917 770 3977; x_wconf 86' lang='lat' dir='ltr'><strong>cst,</strong></span> <span class='ocrx_word' id='word_1_323' title='bbox 780 3907 972 3986; x_wconf 62' lang='lat' dir='ltr'><strong>’inpatihrlrsr</strong></span> <span class='ocrx_word' id='word_1_324' title='bbox 988 3921 1017 3968; x_wconf 85' lang='lat' dir='ltr'><strong>ct</strong></span> <span class='ocrx_word' id='word_1_325' title='bbox 1027 3910 1074 3970; x_wconf 87' lang='lat' dir='ltr'><strong>vel</strong></span> <span class='ocrx_word' id='word_1_326' title='bbox 1089 3931 1126 3970; x_wconf 80' lang='lat' dir='ltr'><strong>cx</strong></span> 
     </span>
     <span class='ocr_line' id='line_1_34' title="bbox 41 4008 1129 4096; baseline 0.004 -24"><span class='ocrx_word' id='word_1_327' title='bbox 41 4011 244 4092; x_wconf 82' lang='lat' dir='ltr'><strong>sequentibus</strong></span> <span class='ocrx_word' id='word_1_328' title='bbox 259 4008 341 4070; x_wconf 82' lang='lat' dir='ltr'><strong>salso.</strong></span> <span class='ocrx_word' id='word_1_329' title='bbox 359 4009 413 4068; x_wconf 90' lang='lat' dir='ltr'><strong>Illa</strong></span> <span class='ocrx_word' id='word_1_330' title='bbox 428 4030 496 4069; x_wconf 86' lang='lat' dir='ltr'><strong>vcro</strong></span> <span class='ocrx_word' id='word_1_331' title='bbox 510 4009 647 4080; x_wconf 71' lang='lat' dir='ltr'><strong>allicitur,</strong></span> <span class='ocrx_word' id='word_1_332' title='bbox 662 4022 801 4084; x_wconf 88' lang='lat' dir='ltr'><strong>mutatur,</strong></span> <span class='ocrx_word' id='word_1_333' title='bbox 819 4013 930 4094; x_wconf 77' lang='lat' dir='ltr'><strong>cogitur</strong></span> <span class='ocrx_word' id='word_1_334' title='bbox 944 4035 961 4074; x_wconf 86' lang='lat' dir='ltr'><strong>a</strong></span> <span class='ocrx_word' id='word_1_335' title='bbox 975 4015 1054 4090; x_wconf 84' lang='lat' dir='ltr'><strong>Deo,</strong></span> <span class='ocrx_word' id='word_1_336' title='bbox 1070 4037 1129 4096; x_wconf 82' lang='lat' dir='ltr'><strong>qun</strong></span> 
     </span>
    </p>
   </div>
   <div class='ocr_carea' id='block_1_3' title="bbox 40 4119 867 4298">
    <p class='ocr_par' dir='ltr' id='par_1_3' title="bbox 40 4119 867 4298">
     <span class='ocr_line' id='line_1_35' title="bbox 40 4119 147 4178; baseline 0 0"><span class='ocrx_word' id='word_1_337' title='bbox 40 4119 147 4178; x_wconf 88' lang='lat' dir='ltr'><strong>lubet.</strong></span> 
     </span>
     <span class='ocr_line' id='line_1_36' title="bbox 222 4228 867 4298; baseline -0.005 -17"><span class='ocrx_word' id='word_1_338' title='bbox 222 4230 375 4298; x_wconf 74' lang='lat' dir='ltr'><strong>Materiaque</strong></span> <span class='ocrx_word' id='word_1_339' title='bbox 386 4228 472 4280; x_wconf 87' lang='lat' dir='ltr'><strong>datum</strong></span> <span class='ocrx_word' id='word_1_340' title='bbox 484 4235 521 4280; x_wconf 81' lang='lat' dir='ltr'><strong>cst</strong></span> <span class='ocrx_word' id='word_1_341' title='bbox 532 4230 601 4295; x_wconf 73' lang='lat' dir='ltr'><strong>cogi,</strong></span> <span class='ocrx_word' id='word_1_342' title='bbox 614 4228 657 4278; x_wconf 82' lang='lat' dir='ltr'><strong>scd</strong></span> <span class='ocrx_word' id='word_1_343' title='bbox 668 4245 756 4296; x_wconf 75' lang='lat' dir='ltr'><strong>cogere</strong></span> <span class='ocrx_word' id='word_1_344' title='bbox 767 4229 867 4280; x_wconf 79' lang='lat' dir='ltr'><strong>Mundo.</strong></span> 
     </span>
    </p>
   </div>
   <div class='ocr_carea' id='block_1_4' title="bbox 0 0 1480 4934">
    <p class='ocr_par' dir='ltr' id='par_1_4' title="bbox 0 0 1480 4934">
     <span class='ocr_line' id='line_1_37' title="bbox 0 0 1480 4934; baseline 0 7"><span class='ocrx_word' id='word_1_345' title='bbox 0 0 1480 4934; x_wconf 95' lang='lat' dir='ltr'><strong> </strong></span> 
     </span>
    </p>
   </div>
  </div>
 </body>
</html>
