<?xml version="1.0" encoding="UTF-8"?>
<!DOCTYPE html PUBLIC "-//W3C//DTD XHTML 1.0 Transitional//EN"
    "http://www.w3.org/TR/xhtml1/DTD/xhtml1-transitional.dtd">
<html xmlns="http://www.w3.org/1999/xhtml" xml:lang="en" lang="en">
 <head>
  <title>
</title>
<meta http-equiv="Content-Type" content="text/html;charset=utf-8" />
  <meta name='ocr-system' content='tesseract 3.04.00' />
  <meta name='ocr-capabilities' content='ocr_page ocr_carea ocr_par ocr_line ocrx_word'/>
</head>
<body>
  <div class='ocr_page' id='page_1' title='image "./lannsenecparspr04bouigoog_0471.png"; bbox 0 0 2950 4934; ppageno 0'>
   <div class='ocr_carea' id='block_1_1' title="bbox 262 407 1158 500">
    <p class='ocr_par' dir='ltr' id='par_1_1' title="bbox 262 407 1158 500">
     <span class='ocr_line' id='line_1_1' title="bbox 262 407 1158 500; baseline 0.012 -27"><span class='ocrx_word' id='word_1_1' title='bbox 262 413 266 419; x_wconf 59' lang='grc'><strong><em>’</em></strong></span> <span class='ocrx_word' id='word_1_2' title='bbox 377 407 608 497; x_wconf 72' lang='lat' dir='ltr'><strong>neronis</strong></span> <span class='ocrx_word' id='word_1_3' title='bbox 631 407 865 479; x_wconf 74' lang='lat' dir='ltr'><strong>sennen.</strong></span> <span class='ocrx_word' id='word_1_4' title='bbox 1092 412 1158 500; x_wconf 76' lang='grc'><strong>463</strong></span> 
     </span>
    </p>
   </div>
   <div class='ocr_carea' id='block_1_2' title="bbox 88 540 1250 2725">
    <p class='ocr_par' dir='ltr' id='par_1_2' title="bbox 88 540 1250 2725">
     <span class='ocr_line' id='line_1_2' title="bbox 98 540 1160 634; baseline 0.008 -28"><span class='ocrx_word' id='word_1_5' title='bbox 98 543 203 607; x_wconf 73' lang='lat' dir='ltr'><strong>Bonus</strong></span> <span class='ocrx_word' id='word_1_6' title='bbox 217 540 271 608; x_wconf 91' lang='lat' dir='ltr'><strong>vir</strong></span> <span class='ocrx_word' id='word_1_7' title='bbox 288 555 361 622; x_wconf 84' lang='lat' dir='ltr'><strong>eet,</strong></span> <span class='ocrx_word' id='word_1_8' title='bbox 384 541 444 633; x_wconf 93' lang='lat' dir='ltr'><strong>qui</strong></span> <span class='ocrx_word' id='word_1_9' title='bbox 465 564 506 610; x_wconf 91' lang='lat' dir='ltr'><strong>eo</strong></span> <span class='ocrx_word' id='word_1_10' title='bbox 525 540 686 634; x_wconf 84' lang='lat' dir='ltr'><strong>perduxit</strong></span> <span class='ocrx_word' id='word_1_11' title='bbox 702 541 827 611; x_wconf 78' lang='lat' dir='ltr'><strong>affeetu</strong></span> <span class='ocrx_word' id='word_1_12' title='bbox 843 543 1014 625; x_wconf 87' lang='lat' dir='ltr'><strong>animum,</strong></span> <span class='ocrx_word' id='word_1_13' title='bbox 1034 559 1073 612; x_wconf 91' lang='lat' dir='ltr'><strong>ut</strong></span> <span class='ocrx_word' id='word_1_14' title='bbox 1090 569 1160 614; x_wconf 92' lang='lat' dir='ltr'><strong>non</strong></span> 
     </span>
     <span class='ocr_line' id='line_1_3' title="bbox 97 656 1161 756; baseline 0.007 -31"><span class='ocrx_word' id='word_1_15' title='bbox 97 671 221 726; x_wconf 75' lang='lat' dir='ltr'><strong>tantm</strong></span> <span class='ocrx_word' id='word_1_16' title='bbox 232 681 374 751; x_wconf 84' lang='lat' dir='ltr'><strong>peoeare</strong></span> <span class='ocrx_word' id='word_1_17' title='bbox 388 682 458 726; x_wconf 92' lang='lat' dir='ltr'><strong>non</strong></span> <span class='ocrx_word' id='word_1_18' title='bbox 471 656 571 742; x_wconf 84' lang='lat' dir='ltr'><strong>velit,</strong></span> <span class='ocrx_word' id='word_1_19' title='bbox 591 658 768 728; x_wconf 74' lang='lat' dir='ltr'><strong>sedetiam</strong></span> <span class='ocrx_word' id='word_1_20' title='bbox 780 683 849 728; x_wconf 93' lang='lat' dir='ltr'><strong>uon</strong></span> <span class='ocrx_word' id='word_1_21' title='bbox 864 661 982 754; x_wconf 80' lang='lat' dir='ltr'><strong>posuit.</strong></span> <span class='ocrx_word' id='word_1_22' title='bbox 998 663 1161 756; x_wconf 88' lang='lat' dir='ltr'><strong>Regnan-</strong></span> 
     </span>
     <span class='ocr_line' id='line_1_4' title="bbox 97 772 1157 870; baseline 0.008 -31"><span class='ocrx_word' id='word_1_23' title='bbox 97 772 182 840; x_wconf 86' lang='lat' dir='ltr'><strong>tibue</strong></span> <span class='ocrx_word' id='word_1_24' title='bbox 196 774 294 868; x_wconf 75' lang='lat' dir='ltr'><strong>pejus</strong></span> <span class='ocrx_word' id='word_1_25' title='bbox 311 772 418 843; x_wconf 89' lang='lat' dir='ltr'><strong>multo</strong></span> <span class='ocrx_word' id='word_1_26' title='bbox 438 775 650 868; x_wconf 85' lang='lat' dir='ltr'><strong>periculum,</strong></span> <span class='ocrx_word' id='word_1_27' title='bbox 670 800 774 868; x_wconf 89' lang='lat' dir='ltr'><strong>quam</strong></span> <span class='ocrx_word' id='word_1_28' title='bbox 788 776 843 846; x_wconf 82' lang='lat' dir='ltr'><strong>bie</strong></span> <span class='ocrx_word' id='word_1_29' title='bbox 859 777 919 868; x_wconf 88' lang='lat' dir='ltr'><strong>qui</strong></span> <span class='ocrx_word' id='word_1_30' title='bbox 936 777 1157 870; x_wconf 84' lang='lat' dir='ltr'><strong>judicantur;</strong></span> 
     </span>
     <span class='ocr_line' id='line_1_5' title="bbox 95 889 1159 987; baseline 0.008 -31"><span class='ocrx_word' id='word_1_31' title='bbox 95 889 131 956; x_wconf 93' lang='lat' dir='ltr'><strong>bi</strong></span> <span class='ocrx_word' id='word_1_32' title='bbox 147 891 238 958; x_wconf 90' lang='lat' dir='ltr'><strong>enim</strong></span> <span class='ocrx_word' id='word_1_33' title='bbox 255 891 407 986; x_wconf 80' lang='lat' dir='ltr'><strong>einguloe</strong></span> <span class='ocrx_word' id='word_1_34' title='bbox 425 893 567 976; x_wconf 87' lang='lat' dir='ltr'><strong>timent,</strong></span> <span class='ocrx_word' id='word_1_35' title='bbox 589 892 641 960; x_wconf 92' lang='lat' dir='ltr'><strong>illi</strong></span> <span class='ocrx_word' id='word_1_36' title='bbox 658 894 848 962; x_wconf 76' lang='lat' dir='ltr'><strong>universos.</strong></span> <span class='ocrx_word' id='word_1_37' title='bbox 868 896 1045 987; x_wconf 88' lang='lat' dir='ltr'><strong>Numquid</strong></span> <span class='ocrx_word' id='word_1_38' title='bbox 1064 895 1159 966; x_wconf 76' lang='lat' dir='ltr'><strong>fortis</strong></span> 
     </span>
     <span class='ocr_line' id='line_1_6' title="bbox 95 1004 1250 1103; baseline 0.009 -31"><span class='ocrx_word' id='word_1_39' title='bbox 95 1004 210 1074; x_wconf 83' lang='lat' dir='ltr'><strong>fortem</strong></span> <span class='ocrx_word' id='word_1_40' title='bbox 224 1030 262 1074; x_wconf 84' lang='lat' dir='ltr'><strong>ee</strong></span> <span class='ocrx_word' id='word_1_41' title='bbox 281 1007 496 1100; x_wconf 83' lang='lat' dir='ltr'>gloriabitur,</span> <span class='ocrx_word' id='word_1_42' title='bbox 515 1031 617 1098; x_wconf 89' lang='lat' dir='ltr'><strong>quem</strong></span> <span class='ocrx_word' id='word_1_43' title='bbox 633 1009 785 1101; x_wconf 73' lang='lat' dir='ltr'><strong>eorporis</strong></span> <span class='ocrx_word' id='word_1_44' title='bbox 801 1008 969 1103; x_wconf 83' lang='lat' dir='ltr'><strong>aegritudo</strong></span> <span class='ocrx_word' id='word_1_45' title='bbox 985 1011 1090 1081; x_wconf 86' lang='lat' dir='ltr'><strong>efficit</strong></span> <span class='ocrx_word' id='word_1_46' title='bbox 1107 1016 1161 1082; x_wconf 92' lang='lat' dir='ltr'><strong>in·</strong></span> <span class='ocrx_word' id='word_1_47' title='bbox 1246 1089 1250 1096; x_wconf 55' lang='grc'>,</span> 
     </span>
     <span class='ocr_line' id='line_1_7' title="bbox 95 1119 1160 1222; baseline 0.011 -35"><span class='ocrx_word' id='word_1_48' title='bbox 95 1119 223 1190; x_wconf 86' lang='lat' dir='ltr'><strong>firmum</strong></span> <span class='ocrx_word' id='word_1_49' title='bbox 233 1123 252 1190; x_wconf 78' lang='lat' dir='ltr'><strong>i&gt;</strong></span> <span class='ocrx_word' id='word_1_50' title='bbox 261 1123 435 1215; x_wconf 83' lang='lat' dir='ltr'><strong>Numquid</strong></span> <span class='ocrx_word' id='word_1_51' title='bbox 452 1121 548 1192; x_wconf 80' lang='lat' dir='ltr'><strong>dives</strong></span> <span class='ocrx_word' id='word_1_52' title='bbox 561 1126 597 1192; x_wconf 94' lang='lat' dir='ltr'><strong>in</strong></span> <span class='ocrx_word' id='word_1_53' title='bbox 611 1125 734 1218; x_wconf 74' lang='lat' dir='ltr'><strong>opibus</strong></span> <span class='ocrx_word' id='word_1_54' title='bbox 748 1126 818 1194; x_wconf 74' lang='lat' dir='ltr'><strong>euin</strong></span> <span class='ocrx_word' id='word_1_55' title='bbox 830 1127 1047 1220; x_wconf 80' lang='lat' dir='ltr'><strong>gloriabitur,</strong></span> <span class='ocrx_word' id='word_1_56' title='bbox 1062 1133 1160 1222; x_wconf 72' lang='lat' dir='ltr'><strong>ouius</strong></span> 
     </span>
     <span class='ocr_line' id='line_1_8' title="bbox 94 1235 1159 1335; baseline 0.008 -34"><span class='ocrx_word' id='word_1_57' title='bbox 94 1254 181 1326; x_wconf 80' lang='lat' dir='ltr'><strong>apem</strong></span> <span class='ocrx_word' id='word_1_58' title='bbox 199 1235 257 1304; x_wconf 80' lang='lat' dir='ltr'><strong>lut·</strong></span> <span class='ocrx_word' id='word_1_59' title='bbox 271 1235 327 1305; x_wconf 79' lang='lat' dir='ltr'><strong>vel</strong></span> <span class='ocrx_word' id='word_1_60' title='bbox 346 1253 511 1330; x_wconf 69' lang='lat' dir='ltr'><strong>tyrannus</strong></span> <span class='ocrx_word' id='word_1_61' title='bbox 527 1237 691 1334; x_wconf 77' lang='lat' dir='ltr'><strong>abrupit?</strong></span> <span class='ocrx_word' id='word_1_62' title='bbox 706 1238 884 1333; x_wconf 83' lang='lat' dir='ltr'><strong>Numquid</strong></span> <span class='ocrx_word' id='word_1_63' title='bbox 901 1240 1060 1310; x_wconf 70' lang='lat' dir='ltr'><strong>nobilitas</strong></span> <span class='ocrx_word' id='word_1_64' title='bbox 1078 1244 1159 1335; x_wconf 88' lang='lat' dir='ltr'><strong>glo-</strong></span> 
     </span>
     <span class='ocr_line' id='line_1_9' title="bbox 94 1346 1159 1447; baseline 0.013 -35"><span class='ocrx_word' id='word_1_65' title='bbox 94 1346 232 1417; x_wconf 86' lang='lat' dir='ltr'><strong>riabitur</strong></span> <span class='ocrx_word' id='word_1_66' title='bbox 249 1349 390 1434; x_wconf 83' lang='lat' dir='ltr'><strong>affecta,</strong></span> <span class='ocrx_word' id='word_1_67' title='bbox 411 1363 654 1446; x_wconf 83' lang='lat' dir='ltr'><strong>nonnunquam</strong></span> <span class='ocrx_word' id='word_1_68' title='bbox 674 1353 826 1447; x_wconf 76' lang='lat' dir='ltr'><strong>indignis</strong></span> <span class='ocrx_word' id='word_1_69' title='bbox 849 1369 883 1423; x_wconf 88' lang='lat' dir='ltr'><strong>et</strong></span> <span class='ocrx_word' id='word_1_70' title='bbox 908 1355 1159 1426; x_wconf 78' lang='lat' dir='ltr'><strong>miserabilibue</strong></span> 
     </span>
     <span class='ocr_line' id='line_1_10' title="bbox 93 1465 1158 1564; baseline 0.008 -31"><span class='ocrx_word' id='word_1_71' title='bbox 93 1467 431 1537; x_wconf 80' lang='lat' dir='ltr'><strong>eervieneiDiabolue</strong></span> <span class='ocrx_word' id='word_1_72' title='bbox 441 1468 625 1562; x_wconf 81' lang='lat' dir='ltr'><strong>aliquando</strong></span> <span class='ocrx_word' id='word_1_73' title='bbox 639 1493 675 1538; x_wconf 84' lang='lat' dir='ltr'><strong>ee</strong></span> <span class='ocrx_word' id='word_1_74' title='bbox 689 1465 893 1564; x_wconf 81' lang='lat' dir='ltr'><strong>gloriabitur</strong></span> <span class='ocrx_word' id='word_1_75' title='bbox 908 1470 1158 1541; x_wconf 85' lang='lat' dir='ltr'><strong>interfectorem</strong></span> 
     </span>
     <span class='ocr_line' id='line_1_11' title="bbox 94 1584 1158 1681; baseline 0.009 -33"><span class='ocrx_word' id='word_1_76' title='bbox 94 1597 153 1650; x_wconf 80' lang='lat' dir='ltr'><strong>tuae</strong></span> <span class='ocrx_word' id='word_1_77' title='bbox 179 1584 443 1673; x_wconf 74' lang='lat' dir='ltr'><strong>misericordiae‚</strong></span> <span class='ocrx_word' id='word_1_78' title='bbox 473 1611 566 1655; x_wconf 89' lang='lat' dir='ltr'><strong>nune</strong></span> <span class='ocrx_word' id='word_1_79' title='bbox 589 1588 681 1656; x_wconf 85' lang='lat' dir='ltr'><strong>inter</strong></span> <span class='ocrx_word' id='word_1_80' title='bbox 711 1589 866 1681; x_wconf 77' lang='lat' dir='ltr'><strong>gemiscit</strong></span> <span class='ocrx_word' id='word_1_81' title='bbox 891 1589 999 1659; x_wconf 78' lang='lat' dir='ltr'><strong>socios</strong></span> <span class='ocrx_word' id='word_1_82' title='bbox 1019 1589 1158 1679; x_wconf 77' lang='lat' dir='ltr'><strong>(forsan</strong></span> 
     </span>
     <span class='ocr_line' id='line_1_12' title="bbox 92 1697 1154 1796; baseline 0.008 -31"><span class='ocrx_word' id='word_1_83' title='bbox 92 1697 214 1790; x_wconf 74' lang='lat' dir='ltr'><strong>tocius)</strong></span> <span class='ocrx_word' id='word_1_84' title='bbox 226 1714 295 1768; x_wconf 87' lang='lat' dir='ltr'><strong>tuae</strong></span> <span class='ocrx_word' id='word_1_85' title='bbox 312 1699 546 1770; x_wconf 79' lang='lat' dir='ltr'><strong>beatitudinis.</strong></span> <span class='ocrx_word' id='word_1_86' title='bbox 562 1702 741 1796; x_wconf 64' lang='lat' dir='ltr'><strong>Fugienda</strong></span> <span class='ocrx_word' id='word_1_87' title='bbox 759 1718 839 1772; x_wconf 80' lang='lat' dir='ltr'><strong>eunt</strong></span> <span class='ocrx_word' id='word_1_88' title='bbox 852 1703 1009 1772; x_wconf 81' lang='lat' dir='ltr'><strong>omnibus</strong></span> <span class='ocrx_word' id='word_1_89' title='bbox 1022 1705 1154 1788; x_wconf 82' lang='lat' dir='ltr'><strong>modia,</strong></span> 
     </span>
     <span class='ocr_line' id='line_1_13' title="bbox 91 1805 1154 1914; baseline 0.008 -33"><span class='ocrx_word' id='word_1_90' title='bbox 91 1811 120 1882; x_wconf 78' lang='lat' dir='ltr'><strong>ei</strong></span> <span class='ocrx_word' id='word_1_91' title='bbox 131 1813 361 1886; x_wconf 85' lang='lat' dir='ltr'><strong>ebeeindenda</strong></span> <span class='ocrx_word' id='word_1_92' title='bbox 373 1819 447 1912; x_wconf 88' lang='lat' dir='ltr'><strong>igni</strong></span> <span class='ocrx_word' id='word_1_93' title='bbox 459 1843 501 1888; x_wconf 89' lang='lat' dir='ltr'><strong>ae</strong></span> <span class='ocrx_word' id='word_1_94' title='bbox 514 1818 623 1901; x_wconf 86' lang='lat' dir='ltr'><strong>ferro,</strong></span> <span class='ocrx_word' id='word_1_95' title='bbox 639 1833 777 1912; x_wconf 86' lang='lat' dir='ltr'><strong>totoque</strong></span> <span class='ocrx_word' id='word_1_96' title='bbox 790 1819 934 1888; x_wconf 85' lang='lat' dir='ltr'><strong>artificio</strong></span> <span class='ocrx_word' id='word_1_97' title='bbox 948 1805 1135 1914; x_wconf 79' lang='lat' dir='ltr'><strong>separanda</strong></span> <span class='ocrx_word' id='word_1_98' title='bbox 1142 1872 1154 1907; x_wconf 90' lang='lat'><strong>,</strong></span> 
     </span>
     <span class='ocr_line' id='line_1_14' title="bbox 91 1928 1154 2026; baseline 0.008 -28"><span class='ocrx_word' id='word_1_99' title='bbox 91 1928 226 2026; x_wconf 85' lang='lat' dir='ltr'><strong>languor</strong></span> <span class='ocrx_word' id='word_1_100' title='bbox 237 1956 261 2000; x_wconf 84' lang='lat' dir='ltr'><strong>a</strong></span> <span class='ocrx_word' id='word_1_101' title='bbox 273 1955 436 2026; x_wconf 84' lang='lat' dir='ltr'><strong>corpore,</strong></span> <span class='ocrx_word' id='word_1_102' title='bbox 453 1934 623 2026; x_wconf 88' lang='lat' dir='ltr'><strong>imperitia</strong></span> <span class='ocrx_word' id='word_1_103' title='bbox 635 1934 680 2002; x_wconf 90' lang='lat' dir='ltr'><strong>ab</strong></span> <span class='ocrx_word' id='word_1_104' title='bbox 692 1936 827 2020; x_wconf 85' lang='lat' dir='ltr'><strong>animo,</strong></span> <span class='ocrx_word' id='word_1_105' title='bbox 844 1935 975 2004; x_wconf 83' lang='lat' dir='ltr'><strong>luxuria</strong></span> <span class='ocrx_word' id='word_1_106' title='bbox 985 1958 1006 2002; x_wconf 90' lang='lat' dir='ltr'><strong>a</strong></span> <span class='ocrx_word' id='word_1_107' title='bbox 1018 1951 1154 2022; x_wconf 84' lang='lat' dir='ltr'><strong>mente,</strong></span> 
     </span>
     <span class='ocr_line' id='line_1_15' title="bbox 90 2045 1156 2134; baseline 0.008 -22"><span class='ocrx_word' id='word_1_108' title='bbox 90 2047 258 2117; x_wconf 82' lang='lat' dir='ltr'><strong>aeivitate</strong></span> <span class='ocrx_word' id='word_1_109' title='bbox 273 2049 413 2131; x_wconf 72' lang='lat' dir='ltr'><strong>seditio,</strong></span> <span class='ocrx_word' id='word_1_110' title='bbox 432 2048 565 2118; x_wconf 84' lang='lat' dir='ltr'><strong>adorno</strong></span> <span class='ocrx_word' id='word_1_111' title='bbox 581 2045 770 2134; x_wconf 75' lang='lat' dir='ltr'><strong>discordia,</strong></span> <span class='ocrx_word' id='word_1_112' title='bbox 791 2075 812 2120; x_wconf 84' lang='lat' dir='ltr'><strong>a</strong></span> <span class='ocrx_word' id='word_1_113' title='bbox 830 2052 961 2120; x_wconf 77' lang='lat' dir='ltr'><strong>cunctis</strong></span> <span class='ocrx_word' id='word_1_114' title='bbox 979 2049 1081 2120; x_wconf 79' lang='lat' dir='ltr'><strong>rebus</strong></span> <span class='ocrx_word' id='word_1_115' title='bbox 1098 2052 1156 2120; x_wconf 93' lang='lat' dir='ltr'><strong>in-</strong></span> 
     </span>
     <span class='ocr_line' id='line_1_16' title="bbox 90 2165 1155 2258; baseline 0.008 -28"><span class='ocrx_word' id='word_1_116' title='bbox 90 2167 321 2258; x_wconf 82' lang='lat' dir='ltr'><strong>temperantia.</strong></span> <span class='ocrx_word' id='word_1_117' title='bbox 345 2166 443 2234; x_wconf 87' lang='lat' dir='ltr'><strong>Dixit</strong></span> <span class='ocrx_word' id='word_1_118' title='bbox 464 2165 603 2258; x_wconf 89' lang='lat' dir='ltr'><strong>quidam</strong></span> <span class='ocrx_word' id='word_1_119' title='bbox 625 2169 809 2237; x_wconf 87' lang='lat' dir='ltr'><strong>amioorum</strong></span> <span class='ocrx_word' id='word_1_120' title='bbox 830 2170 942 2238; x_wconf 89' lang='lat' dir='ltr'><strong>omnia</strong></span> <span class='ocrx_word' id='word_1_121' title='bbox 960 2193 1034 2238; x_wconf 75' lang='lat' dir='ltr'><strong>eoae</strong></span> <span class='ocrx_word' id='word_1_122' title='bbox 1056 2192 1155 2238; x_wconf 86' lang='lat' dir='ltr'><strong>com-</strong></span> 
     </span>
     <span class='ocr_line' id='line_1_17' title="bbox 89 2282 1154 2374; baseline 0.005 -26"><span class='ocrx_word' id='word_1_123' title='bbox 89 2282 217 2364; x_wconf 83' lang='lat' dir='ltr'><strong>munie,</strong></span> <span class='ocrx_word' id='word_1_124' title='bbox 235 2296 272 2350; x_wconf 90' lang='lat' dir='ltr'><strong>et</strong></span> <span class='ocrx_word' id='word_1_125' title='bbox 287 2282 435 2350; x_wconf 86' lang='lat' dir='ltr'><strong>amioum</strong></span> <span class='ocrx_word' id='word_1_126' title='bbox 457 2283 606 2374; x_wconf 82' lang='lat' dir='ltr'><strong>eeipoum</strong></span> <span class='ocrx_word' id='word_1_127' title='bbox 622 2307 695 2351; x_wconf 84' lang='lat' dir='ltr'><strong>eeee</strong></span> <span class='ocrx_word' id='word_1_128' title='bbox 711 2283 868 2352; x_wconf 84' lang='lat' dir='ltr'><strong>alterum.</strong></span> <span class='ocrx_word' id='word_1_129' title='bbox 892 2287 1047 2353; x_wconf 90' lang='lat' dir='ltr'><strong>Duorum</strong></span> <span class='ocrx_word' id='word_1_130' title='bbox 1066 2299 1154 2353; x_wconf 89' lang='lat' dir='ltr'><strong>tem·</strong></span> 
     </span>
     <span class='ocr_line' id='line_1_18' title="bbox 88 2397 1152 2494; baseline 0 -23"><span class='ocrx_word' id='word_1_131' title='bbox 88 2420 202 2489; x_wconf 78' lang='lat' dir='ltr'><strong>potum</strong></span> <span class='ocrx_word' id='word_1_132' title='bbox 219 2399 367 2467; x_wconf 88' lang='lat' dir='ltr'><strong>maxime</strong></span> <span class='ocrx_word' id='word_1_133' title='bbox 387 2397 580 2468; x_wconf 79' lang='lat' dir='ltr'><strong>babendum</strong></span> <span class='ocrx_word' id='word_1_134' title='bbox 601 2421 737 2484; x_wconf 86' lang='lat' dir='ltr'><strong>curam,</strong></span> <span class='ocrx_word' id='word_1_135' title='bbox 760 2415 794 2468; x_wconf 89' lang='lat' dir='ltr'><strong>et</strong></span> <span class='ocrx_word' id='word_1_136' title='bbox 815 2424 932 2468; x_wconf 91' lang='lat' dir='ltr'><strong>eorum</strong></span> <span class='ocrx_word' id='word_1_137' title='bbox 949 2425 1026 2494; x_wconf 77' lang='lat' dir='ltr'><strong>quan</strong></span> <span class='ocrx_word' id='word_1_138' title='bbox 1042 2404 1152 2470; x_wconf 89' lang='lat' dir='ltr'><strong>acturi</strong></span> 
     </span>
     <span class='ocr_line' id='line_1_19' title="bbox 88 2516 1150 2609; baseline 0.006 -28"><span class='ocrx_word' id='word_1_139' title='bbox 88 2534 213 2597; x_wconf 83' lang='lat' dir='ltr'><strong>mmue,</strong></span> <span class='ocrx_word' id='word_1_140' title='bbox 235 2529 407 2584; x_wconf 88' lang='lat' dir='ltr'><strong>eteorum</strong></span> <span class='ocrx_word' id='word_1_141' title='bbox 426 2538 501 2607; x_wconf 80' lang='lat' dir='ltr'><strong>quee</strong></span> <span class='ocrx_word' id='word_1_142' title='bbox 517 2516 682 2607; x_wconf 72' lang='lat' dir='ltr'><strong>gemimus</strong></span> <span class='ocrx_word' id='word_1_143' title='bbox 712 2541 720 2583; x_wconf 76' lang='grc' dir='ltr'>ι</span> <span class='ocrx_word' id='word_1_144' title='bbox 750 2531 825 2609; x_wconf 84' lang='lat' dir='ltr'><strong>poet</strong></span> <span class='ocrx_word' id='word_1_145' title='bbox 843 2521 951 2586; x_wconf 88' lang='lat' dir='ltr'><strong>Deum</strong></span> <span class='ocrx_word' id='word_1_146' title='bbox 975 2520 1150 2589; x_wconf 84' lang='lat' dir='ltr'><strong>veritatem</strong></span> 
     </span>
     <span class='ocr_line' id='line_1_20' title="bbox 88 2629 1011 2725; baseline 0.005 -28"><span class='ocrx_word' id='word_1_147' title='bbox 88 2629 279 2715; x_wconf 83' lang='lat' dir='ltr'><strong>colendam,</strong></span> <span class='ocrx_word' id='word_1_148' title='bbox 299 2653 374 2725; x_wconf 82' lang='lat' dir='ltr'><strong>quae</strong></span> <span class='ocrx_word' id='word_1_149' title='bbox 389 2631 460 2700; x_wconf 78' lang='lat' dir='ltr'><strong>tola</strong></span> <span class='ocrx_word' id='word_1_150' title='bbox 472 2631 627 2701; x_wconf 74' lang='lat' dir='ltr'><strong>hominen</strong></span> <span class='ocrx_word' id='word_1_151' title='bbox 642 2631 716 2699; x_wconf 84' lang='lat' dir='ltr'><strong>Diie</strong></span> <span class='ocrx_word' id='word_1_152' title='bbox 733 2632 904 2724; x_wconf 79' lang='lat' dir='ltr'><strong>proximos</strong></span> <span class='ocrx_word' id='word_1_153' title='bbox 918 2633 1011 2703; x_wconf 83' lang='lat' dir='ltr'><strong>lacit.</strong></span> 
     </span>
    </p>
   </div>
   <div class='ocr_carea' id='block_1_3' title="bbox 84 2869 1150 3282">
    <p class='ocr_par' dir='ltr' id='par_1_3' title="bbox 84 2869 1150 3282">
     <span class='ocr_line' id='line_1_21' title="bbox 113 2869 1150 2947; baseline 0.006 -24"><span class='ocrx_word' id='word_1_154' title='bbox 113 2871 172 2926; x_wconf 80' lang='lat' dir='ltr'><strong>Peet</strong></span> <span class='ocrx_word' id='word_1_155' title='bbox 194 2873 253 2928; x_wconf 66' lang='lat' dir='ltr'><strong>bne</strong></span> <span class='ocrx_word' id='word_1_156' title='bbox 273 2872 407 2927; x_wconf 70' lang='lat' dir='ltr'><strong>nonnullae</strong></span> <span class='ocrx_word' id='word_1_157' title='bbox 423 2884 518 2924; x_wconf 71' lang='lat' dir='ltr'><strong>veteres</strong></span> <span class='ocrx_word' id='word_1_158' title='bbox 537 2870 660 2923; x_wconf 77' lang='lat' dir='ltr'><strong>editiones</strong></span> <span class='ocrx_word' id='word_1_159' title='bbox 680 2871 796 2922; x_wconf 74' lang='lat' dir='ltr'><strong>inserunt</strong></span> <span class='ocrx_word' id='word_1_160' title='bbox 817 2869 908 2924; x_wconf 73' lang='lat' dir='ltr'><strong>multet</strong></span> <span class='ocrx_word' id='word_1_161' title='bbox 929 2872 1064 2926; x_wconf 79' lang='lat' dir='ltr'><strong>sententiat</strong></span> <span class='ocrx_word' id='word_1_162' title='bbox 1081 2873 1150 2947; x_wconf 76' lang='lat' dir='ltr'><strong>juxte</strong></span> 
     </span>
     <span class='ocr_line' id='line_1_22' title="bbox 84 2955 1148 3030; baseline 0.005 -22"><span class='ocrx_word' id='word_1_163' title='bbox 84 2956 215 3012; x_wconf 74' lang='lat' dir='ltr'><strong>litterarum</strong></span> <span class='ocrx_word' id='word_1_164' title='bbox 232 2959 352 3012; x_wconf 83' lang='lat' dir='ltr'><strong>ordinem</strong></span> <span class='ocrx_word' id='word_1_165' title='bbox 369 2957 516 3030; x_wconf 73' lang='lat' dir='ltr'><strong>dispositae,</strong></span> <span class='ocrx_word' id='word_1_166' title='bbox 537 2956 583 3009; x_wconf 84' lang='lat' dir='ltr'><strong>eub</strong></span> <span class='ocrx_word' id='word_1_167' title='bbox 603 2956 653 3010; x_wconf 90' lang='lat' dir='ltr'><strong>boe</strong></span> <span class='ocrx_word' id='word_1_168' title='bbox 664 2956 738 3009; x_wconf 87' lang='lat' dir='ltr'><strong>titulo</strong></span> <span class='ocrx_word' id='word_1_169' title='bbox 749 2955 850 3010; x_wconf 73' lang='lat' dir='ltr'><strong>Seneca</strong></span> <span class='ocrx_word' id='word_1_170' title='bbox 865 2956 1025 3023; x_wconf 72' lang='lat' dir='ltr'><strong>Proverbia5</strong></span> <span class='ocrx_word' id='word_1_171' title='bbox 1040 2979 1148 3030; x_wconf 74' lang='lat' dir='ltr'><strong>querum</strong></span> 
     </span>
     <span class='ocr_line' id='line_1_23' title="bbox 85 3039 1150 3114; baseline 0.004 -20"><span class='ocrx_word' id='word_1_172' title='bbox 85 3039 189 3095; x_wconf 65' lang='lat' dir='ltr'><strong>aalma</strong></span> <span class='ocrx_word' id='word_1_173' title='bbox 198 3061 258 3114; x_wconf 75' lang='lat' dir='ltr'><strong>pere</strong></span> <span class='ocrx_word' id='word_1_174' title='bbox 269 3061 300 3095; x_wconf 75' lang='lat' dir='ltr'><strong>ex</strong></span> <span class='ocrx_word' id='word_1_175' title='bbox 307 3039 393 3096; x_wconf 84' lang='lat' dir='ltr'><strong>Publii</strong></span> <span class='ocrx_word' id='word_1_176' title='bbox 407 3041 465 3112; x_wconf 78' lang='lat' dir='ltr'><strong>Syri</strong></span> <span class='ocrx_word' id='word_1_177' title='bbox 473 3039 623 3111; x_wconf 78' lang='lat' dir='ltr'><strong>beberiiqne</strong></span> <span class='ocrx_word' id='word_1_178' title='bbox 633 3039 719 3092; x_wconf 74' lang='lat' dir='ltr'><strong>mimia</strong></span> <span class='ocrx_word' id='word_1_179' title='bbox 729 3051 765 3093; x_wconf 83' lang='lat' dir='ltr'><strong>eet</strong></span> <span class='ocrx_word' id='word_1_180' title='bbox 773 3039 892 3101; x_wconf 70' lang='lat' dir='ltr'><strong>collectae</strong></span> <span class='ocrx_word' id='word_1_181' title='bbox 908 3041 1039 3096; x_wconf 75' lang='lat' dir='ltr'><strong>nonnulle</strong></span> <span class='ocrx_word' id='word_1_182' title='bbox 1049 3063 1110 3097; x_wconf 80' lang='lat' dir='ltr'><strong>vero</strong></span> <span class='ocrx_word' id='word_1_183' title='bbox 1120 3065 1150 3098; x_wconf 81' lang='lat' dir='ltr'><strong>ex</strong></span> 
     </span>
     <span class='ocr_line' id='line_1_24' title="bbox 85 3121 1149 3198; baseline 0.007 -25"><span class='ocrx_word' id='word_1_184' title='bbox 85 3123 112 3173; x_wconf 76' lang='lat'><strong>1.</strong></span> <span class='ocrx_word' id='word_1_185' title='bbox 121 3125 212 3180; x_wconf 70' lang='lat' dir='ltr'><strong>Annei</strong></span> <span class='ocrx_word' id='word_1_186' title='bbox 222 3126 328 3179; x_wconf 73' lang='lat' dir='ltr'><strong>Senecae</strong></span> <span class='ocrx_word' id='word_1_187' title='bbox 339 3137 393 3177; x_wconf 86' lang='lat' dir='ltr'><strong>tnre</strong></span> <span class='ocrx_word' id='word_1_188' title='bbox 402 3122 583 3198; x_wconf 75' lang='lat' dir='ltr'><strong>pbiloeopbieie</strong></span> <span class='ocrx_word' id='word_1_189' title='bbox 599 3142 677 3194; x_wconf 88' lang='lat' dir='ltr'><strong>quum</strong></span> <span class='ocrx_word' id='word_1_190' title='bbox 686 3121 791 3194; x_wconf 73' lang='lat' dir='ltr'><strong>poeticis</strong></span> <span class='ocrx_word' id='word_1_191' title='bbox 800 3121 897 3195; x_wconf 76' lang='lat' dir='ltr'><strong>teriptie</strong></span> <span class='ocrx_word' id='word_1_192' title='bbox 907 3121 1018 3193; x_wconf 74' lang='lat' dir='ltr'><strong>bauelae,</strong></span> <span class='ocrx_word' id='word_1_193' title='bbox 1029 3126 1073 3179; x_wconf 81' lang='lat' dir='ltr'><strong>sed</strong></span> <span class='ocrx_word' id='word_1_194' title='bbox 1083 3126 1149 3180; x_wconf 85' lang='lat' dir='ltr'><strong>mire</strong></span> 
     </span>
     <span class='ocr_line' id='line_1_25' title="bbox 86 3208 375 3282; baseline -0.007 -16"><span class='ocrx_word' id='word_1_195' title='bbox 86 3208 235 3282; x_wconf 60' lang='lat' dir='ltr'><strong>deputem,</strong></span> <span class='ocrx_word' id='word_1_196' title='bbox 247 3211 375 3264; x_wconf 80' lang='lat' dir='ltr'><strong>videntur.</strong></span> 
     </span>
    </p>
   </div>
   <div class='ocr_carea' id='block_1_4' title="bbox 0 0 1480 4934">
    <p class='ocr_par' dir='ltr' id='par_1_4' title="bbox 0 0 1480 4934">
     <span class='ocr_line' id='line_1_26' title="bbox 0 0 1480 4934; baseline 0 3"><span class='ocrx_word' id='word_1_197' title='bbox 0 0 1480 4934; x_wconf 95' lang='lat' dir='ltr'><strong> </strong></span> 
     </span>
    </p>
   </div>
  </div>
 </body>
</html>
