2950 4934
309 429 371 498 130
587 431 628 496 L.
654 425 835 496 ANNAEI
859 426 1077 498 SENECAE

303 559 356 630 illi
365 561 610 654 assignaverim
620 559 858 641 vultum,'non
866 559 971 628 alium
982 559 1151 629 habitum.
1163 552 1276 633 Altius
1286 579 1384 634 certe

303 701 405 748 nemo
430 674 567 770 ingredi
593 677 727 768 potuit,
755 699 858 769 quam
878 677 938 768 qui
958 677 1058 746 simul
1075 694 1196 748 contra
1212 681 1384 751 Censorem

239 817 242 823 '
303 790 574 887 Pompeiumque
588 815 624 860 se
637 793 792 877 sustulit,
811 809 865 879 et,
881 794 958 862 aliis
971 795 1177 866 Cesarianas
1190 819 1290 889 opes,
1304 797 1386 866 aliis

302 909 527 1004 Pompeianas
545 909 612 977 sibi
629 909 825 979 foventibus
837 916 863 994 ¹,
884 927 1068 1004 utrumque
1084 914 1299 1005 provocavit,
1321 937 1385 982 os-

245 1055 279 1108 t·
304 1026 483 1120 tenditque
497 1027 630 1121 aliquas
644 1051 718 1096 esse
729 1043 763 1096 et
773 1028 973 1122 reipublicae
989 1043 1104 1122 partes
1114 1033 1143 1096 ¹.
1159 1032 1244 1100 Nam
1261 1055 1385 1124 parum

302 1162 354 1214 eat
372 1145 410 1213 in
428 1147 578 1227 Catone,
597 1144 735 1214 dicere:

468 1287 523 1341 Nec
534 1307 613 1340 vanos
625 1287 712 1342 horret
723 1288 841 1361 strepitus
843 1324 910 1341 .....

303 1405 464 1499 Quidni?
476 1432 582 1499 quum
597 1429 695 1476 veros
709 1408 908 1500 vicinosque
923 1431 992 1476 non
1004 1405 1165 1499 borrest'3
1183 1434 1288 1502 quum
1301 1435 1386 1480 con·

305 1541 357 1594 tra
373 1523 491 1594 decem
514 1517 684 1618 legiones,
707 1540 742 1593 et
757 1524 890 1594 Gallica
909 1525 1059 1608 auxilia,
1082 1542 1116 1594 et
1134 1527 1238 1596 mixta
1256 1526 1385 1596 barba-

305 1643 377 1710 rica
396 1662 492 1708 arma
513 1638 693 1725 civilibus,
716 1664 835 1710 vocem
854 1641 998 1710 liberam
1020 1644 1148 1725 mittat,
1173 1659 1209 1710 et
1231 1645 1387 1736 Rempu-

303 1755 430 1824 blionm
456 1756 634 1839 hortetur,
664 1780 709 1824 ne
736 1781 800 1851 pro
823 1756 981 1825 libertate
1009 1755 1168 1841 decidat,
1191 1756 1252 1826 sed
1269 1759 1386 1827 omnia

304 1873 520 1966 experiatur3
534 1871 709 1940 honestius
719 1874 756 1940 in
770 1874 967 1942 servitutem
981 1898 1101 1943 casura
1110 1868 1138 1958 ³,
1155 1899 1255 1968 qnam
1269 1875 1388 1943 itura?

304 1989 480 2081 Quantum
501 1989 537 2056 in
555 1988 615 2056 illo
630 1989 760 2082 vigoris
773 2013 813 2057 sc
825 1991 984 2082 spiritns,
1004 2008 1169 2083 quantum
1190 1994 1227 2060 in
1246 1990 1386 2084 publica

307 2105 533 2199 trepidatione
560 2103 694 2173 fiduciae
718 2100 788 2174 est!
815 2105 887 2174 Scit
910 2129 947 2173 se
968 2129 1075 2176 unum
1099 2129 1195 2186 csse,
1221 2104 1265 2174 de
1288 2105 1389 2198 cujus

305 2235 393 2288 statu
412 2243 482 2287 non
499 2235 633 2311 agatur3
653 2243 723 2287 non
742 2221 834 2289 enim
850 2221 978 2312 quaeri,
993 2245 1036 2288 an
1049 2220 1138 2288 liber
1149 2200 1251 2304 (lato,
1265 2221 1326 2290 sed
1341 2245 1388 2287 an

307 2341 399 2428 inter
418 2335 545 2405 liberos
566 2337 624 2404 sit.
653 2336 740 2405 Inde
764 2337 994 2430 periculorum
1022 2336 1281 2431 gladiorumque
1307 2361 1392 2406 con·

306 2472 467 2554 temptus.
490 2453 593 2522 Libet
610 2453 834 2523 admirantem
854 2450 1040 2524 invictam⁴
1055 2456 1281 2524 constantiam·
1294 2458 1388 2539 viri,

308 2573 398 2641 inter
414 2569 568 2666 publicos
585 2571 700 2639 ruinas
717 2594 788 2639 non
806 2570 973 2653 labantis,
994 2571 1133 2640 dicere:

449 2793 451 2798 ι
472 2701 642 2786 Luxuriatque
655 2714 717 2767 toria
730 2714 876 2768 animosum
889 2728 974 2786 pectus
976 2753 1040 2768 .....

309 2838 468 2911 Proderit
485 2863 555 2907 non
573 2853 723 2922 tantum,
744 2836 863 2929 quales
880 2863 955 2906 esse
973 2839 1105 2907 soleant
1119 2839 1200 2907 boni
1220 2840 1311 2925 viri,
1332 2838 1394 2906 di·

311 2979 408 3038 cere,
431 2955 640 3048 formamque
665 2979 785 3023 eornm
811 2971 847 3023 et
870 2954 1075 3023 lineamenta
1093 2953 1282 3040 deducere3
1303 2955 1393 3040 aad,

312 3069 430 3163 quales
448 3060 612 3152 luerint⁵‚
632 3093 798 3151 narrare,
818 3086 853 3138 et
867 3092 1038 3164 exponere
1055 3069 1192 3138 Catonis
1206 3051 1292 3135 illud
1306 3048 1398 3136 ulti-

312 3211 403 3255 anum
420 3209 462 3255 ac
480 3185 700 3255 fortissimum
720 3186 867 3269 vulnus,
895 3210 960 3280 per
982 3185 1074 3280 quod
1094 3185 1235 3255 libertas
1254 3175 1396 3252 ⁶emisit

350 3403 607 3478 a.51'bisoeentiboa.
625 3404 701 3471 Siti,
719 3409 737 3458 i.
753 3426 775 3458 e.
786 3405 826 3457 ani
874 3404 895 3460 ai
909 3416 999 3473 sponte
1012 3404 1174 3478 semetipsam
1185 3401 1291 3476 tyranni
1305 3401 1401 3475 inpe-

315 3503 406 3549 eausa,
425 3502 500 3538 suurn
520 3481 749 3549 incommodum,
772 3502 826 3536 non
875 3483 914 3536 rio
927 3482 1093 3536 submitteret.

261 3585 264 3591 ’
315 3561 460 3634 reipublice
471 3580 555 3617 causa.
565 3563 712 3614 Pronomen
721 3560 772 3614 boe
783 3574 827 3615 te·
907 3559 1011 3627 eliber
1019 3563 1197 3614 admirantem
1206 3563 1338 3626 invictam,
1346 3572 1402 3614 ete.

315 3638 826 3714 mereabjectumabErasmo,oppoetune
875 3642 924 3694 lnt.
935 3640 1030 3712 aliquia
1041 3639 1169 3692 admirans
1180 3639 1327 3692 invictam...
1337 3657 1402 3692 ωο-

315 3717 386 3770 dedit
398 3718 438 3770 ed.
449 3717 485 3769 lt.
496 3717 566 3772 Idem
578 3717 717 3772 debuerant
728 3737 783 3773 mc.
795 3721 828 3774 A.
876 3719 925 3770 rito
937 3730 1019 3793 potest
1031 3717 1123 3771 dicere.

316 3797 446 3867 inquibus
459 3798 547 3854 vitiose
559 3799 609 3852 tr'bs'
618 3799 743 3854 scribitur.
756 3798 786 3852 S.
910 3800 935 3850 5.
946 3797 1017 3860 Sed,
1044 3801 1136 3868 quoles
1152 3796 1265 3869 suerint.
1284 3795 1406 3850 Temere

349 3897 372 3928 a.
383 3877 453 3934 Esse
464 3889 490 3932 et
500 3878 608 3948 reipubl.
621 3890 720 3952 portes.
736 3880 829 3931 Vocu-
877 3877 971 3932 omissa
982 3890 1019 3930 est
1038 3878 1088 3930 sed
1097 3874 1219 3948 particula
1237 3873 1265 3928 iu
1285 3874 1327 3927 ed.
1341 3875 1406 3930 Bi-

316 3955 368 4010 lam
384 3968 425 4020 et,
440 3975 492 4026 qua
507 3959 626 4012 carebant
640 3958 719 4033 vulgo
730 3996 738 4026 ,
751 3978 829 4013 corn-
877 3966 950 4031 pont.
964 3969 988 4010 et
998 3955 1085 4009 ttuht.
1098 3954 1180 4008 Scae.

317 4034 393 4088 ande
405 4033 475 4088 dedit
485 4054 532 4090 ma.
541 4056 567 4088 a.
579 4035 662 4090 Sdm.
911 4034 1053 4088 &Emisit
1065 4034 1109 4090 Sic
1123 4044 1189 4086 recte
1201 4032 1237 4087 H.
1249 4031 1407 4104 Stephanus

350 4112 374 4165 ³.
390 4110 512 4180 Casum,
523 4131 604 4182 quam
618 4116 699 4166 itum.
711 4111 828 4180 Casum,
878 4113 958 4184 Epist.
979 4112 1049 4166 vat
1072 4110 1219 4182 Dalecamp.
1236 4108 1404 4165 emendarit.

317 4190 507 4245 eivinceretnra
514 4191 616 4262 tyranni
622 4189 829 4258 exercitantum,
880 4193 963 4245 Antea
974 4208 980 4244 :
990 4193 1088 4245 amisit.
1097 4189 1188 4242 nott.
