2950 4934
242 436 489 509 Pntslot
514 434 771 508 s‘rolcolt.
797 436 976 512 L1o.11.
1078 440 1145 510 605

83 604 142 644 nam
151 593 181 643 et
190 581 320 665 plmee'
296 602 377 644 atoue
390 592 476 657 anot,
487 592 516 641 et
525 602 579 663 pro
592 580 745 643 titutum
754 580 863 643 Ooeoni
877 603 980 644 manea
990 594 1020 644 et
1027 596 1148 667 angusta

83 692 162 753 dictio
176 693 232 764 uit3
247 690 299 753 red
319 710 415 773 neque
427 676 662 752 cootzimtiooem
680 692 804 769 ganono
822 692 865 753 illi
885 686 1023 754 remmom.
1043 692 1148 753 Nonne

83 802 268 884 panguntur,
282 822 381 861 nonne
395 812 425 859 et
437 797 559 880 pedibus
575 798 808 859 circumeuntur?
824 800 868 860 lta
882 812 942 873 ert3
962 822 1017 862 nee
1029 800 1148 861 suonam

82 930 134 969 vox
153 910 278 991 aliquem
292 918 422 981 moreat,
439 925 526 989 qnam
541 911 571 966 et
590 904 754 966 Macrobius
769 906 879 969 laterali
899 910 1013 991 utrique
1033 907 1149 969 Oceano

83 1016 176 1075 tribuit
186 1017 280 1097 ,qnia
292 1014 428 1077 videlieet
442 1034 538 1095 magor
530 1009 660 1073 'Oceani
675 1026 744 1073 tout
756 1035 885 1075 recessus
899 1030 948 1076 aut
962 1028 1069 1099 partes.
1086 1014 1150 1077 Ne-

81 1122 136 1181 aeio
147 1144 186 1183 an
198 1121 291 1183 Varro
303 1144 363 1182 uon
378 1123 419 1181 oie
434 1101 620 1203 explicandus
634 1121 674 1181 ait
687 1143 696 1179 r
714 1132 801 1203 quem
817 1104 999 1183 Priscianus
990 1145 1021 1183 m
1037 1121 1150 1183 Ortho-

78 1228 197 1308 groplo'o
216 1226 327 1312 (immo
359 1225 601 1308 Cosmoqropln‘o,
627 1227 718 1287 vel'
694 1248 720 1288 er
744 1228 836 1289 ausim
864 1225 1078 1311 Orligroplo'o)
1110 1228 1151 1287 ita

85 1334 202 1396 laudate

242 1464 454 1533 ErgointerSollo
465 1465 610 1528 ontionem,
622 1471 648 1515 et
659 1462 737 1517 niden
751 1472 861 1537 reptem,

241 1556 391 1625 &mecla
399 1556 468 1619 jooet
477 1555 565 1619 tenna,
575 1554 736 1608 hnicexlimn
745 1554 825 1609 ssnetu

240 1647 333 1699 omi
342 1682 350 1711 ,
360 1646 461 1699 uerior
471 1650 586 1718 opum
596 1648 703 1717 onom
714 1665 767 1700 on.

82 1790 157 1850 Inter
169 1789 343 1871 Tropieuru,
359 1790 468 1871 iuquit,
485 1800 516 1849 et
528 1787 766 1872 septemtrionem
779 1792 854 1871 jacet
867 1802 942 1851 terra
955 1801 1052 1855 nostra
1068 1789 1153 1851 habi·

82 1896 188 1970 utilis,
200 1896 324 1958 exterior
332 1894 448 1955 Oceano
458 1894 600 1956 Atlantico
609 1939 618 1970 ,
627 1897 748 1957 interior
755 1896 995 1978 septemtrionali.
1008 1896 1054 1957 De
1063 1897 1153 1957 altero

81 2001 191 2063 Seneoe
204 2001 267 2062 loco
291 2001 383 2084 magia
397 2000 561 2076 affirmem,
580 2003 635 2062 isto
651 2001 688 2085 (l
701 2003 807 2079 Quaest.
827 2003 857 2062 in
872 2000 1006 2086 Prael'at.)
1023 2026 1032 2062 ε
1051 2029 1065 2057 o
1082 2004 1151 2063 llaeo

81 2123 122 2170 est
134 2122 226 2184 terra,
236 2111 267 2169 in
281 2130 340 2192 qua
353 2131 442 2193 regna
452 2109 602 2191 disponitis
614 2134 622 2169 r
634 2111 754 2171 minima
765 2153 774 2186 ,
786 2112 871 2171 etiam
883 2133 972 2193 quum
981 2112 1037 2171 illio
1047 2112 1153 2172 utrim-

81 2236 135 2295 que
153 2214 286 2275 Oeeanua
310 2216 443 2275 occurrit.
460 2240 475 2268 n
497 2214 649 2291 Quomodo
668 2216 837 2297 utrimque?
863 2239 879 2276 a
904 2217 993 2278 latere
1011 2228 1151 2301 utroque,

81 2324 200 2405 opinor,
215 2323 253 2383 atl
266 2344 398 2383 oceasum
415 2336 444 2383 et
457 2336 551 2383 ortum
568 2348 577 2383 ε
595 2325 646 2385 ubi
659 2336 736 2383 terra
753 2323 879 2385 habitato
893 2325 1029 2386 latissima
1044 2337 1109 2401 est,
1125 2338 1154 2386 et

82 2430 273 2513 exporrigitur
287 2451 296 2488 ι
312 2427 365 2489 red
378 2429 451 2489 mari
464 2428 609 2510 utrimque
629 2430 851 2511 superveniente
873 2429 1027 2492 dirimitur.
1042 2430 1154 2493 Omittit

82 2537 157 2597 enim
171 2536 210 2597 de
221 2536 347 2596 Australi
359 2536 407 2596 vel
416 2534 645 2616 septemtrionali
656 2548 758 2616 parte,
774 2556 861 2617 quam
873 2550 972 2598 notum
987 2550 1065 2613 erat,
1079 2538 1154 2599 Tor-

83 2642 143 2703 rida
157 2655 188 2703 et
200 2642 316 2725 Frigida
330 2642 409 2703 zonis
422 2639 528 2701 claudi.
545 2640 715 2716 Pincianus,
728 2642 836 2701 Genaor
849 2642 987 2717 eximius,
1003 2645 1059 2725 legi
1070 2646 1154 2725 role-

82 2748 149 2825 bat,
166 2750 354 2833 uodeumque
373 2749 501 2811 Oceanus
513 2749 640 2812 ocum't
659 2748 725 2813 Non
739 2760 849 2813 mutem
863 2760 961 2810 contra
974 2749 1063 2811 libros
1079 2774 1088 2810 e
1105 2764 1154 2811 aot

83 2856 124 2932 si,
141 2867 255 2939 uterque
269 2856 365 2917 velim.

377 3087 687 3151 orssoortrm
713 3047 858 3153 xv11'1.

84 3253 128 3319 De
144 3256 246 3320 Tem.
268 3257 395 3320 Matura
411 3260 487 3331 ott,
510 3269 540 3320 a
555 3257 696 3333 Anouat-
708 3260 782 3321 uode
796 3255 1154 3344 ommnofimemqoe.

121 3435 225 3499 Tem
240 3440 366 3521 exeipit,
389 3439 478 3499 imum
505 3453 591 3522 atque
613 3440 746 3501 ultimum
765 3434 990 3503 Elementorum.
1013 3432 1159 3525 Dignitate

82 3558 133 3605 aut
148 3546 207 3606 situ
220 3546 352 3605 ultimum
369 3569 378 3604 ε
396 3568 455 3605 non
470 3567 543 3619 nau,
560 3544 639 3627 quod
653 3546 691 3607 ad
707 3568 760 3607 nos
776 3547 896 3623 attinet,
911 3550 1000 3607 immo
1020 3550 1155 3631 primum.

83 3651 189 3735 ltaque
203 3666 294 3713 mater
310 3666 339 3713 et
350 3674 456 3734 parens
469 3652 552 3712 nobie
568 3652 675 3713 dieitm
691 3676 700 3712 ε
719 3653 789 3734 quid
804 3656 828 3714 ai
843 3667 872 3715 et
887 3648 1037 3715 Deorum?
1051 3656 1160 3737 quidsi

52 3780 58 3787 ·
82 3754 177 3841 prima
192 3760 323 3835 condita,
340 3773 419 3821 etex
434 3782 467 3819 ea
483 3759 590 3822 deinde
604 3760 682 3820 alia?
698 3760 784 3822 Stoici
800 3762 854 3843 ipsi
869 3759 966 3843 (apud
976 3748 1158 3845 stobaeum)=

86 3895 100 3921 ιι
118 3865 145 3927 Α
159 3866 249 3927 Terra
273 3867 486 3950 generationem
501 3866 605 3927 Mundi
624 3867 761 3948 coepiaee,
777 3880 911 3949 tauquam
926 3890 943 3927 a
959 3882 1056 3929 centro
1070 3893 1078 3941 3
1095 3892 1162 3929 nam

84 3976 201 4033 initium
215 3972 357 4055 sphaerae,
381 3986 511 4033 centrum
535 3975 630 4055 ipsum
655 3995 727 4033 erse.
744 4000 759 4027 o
788 3970 890 4055 Itaque
912 3996 949 4036 ex
969 3978 1088 4037 materia
1114 3976 1162 4036 illa

85 4102 198 4163 aquea,
213 4078 251 4139 ab
271 4078 343 4165 Igne
366 4081 460 4162 primo
480 4100 647 4162 expressum
671 4093 701 4139 et
717 4092 860 4140 secretum
881 4081 1079 4163 qratiemuum
1101 4081 1164 4142 ele-

86 4170 227 4249 meutum'
238 4208 318 4265 ease,
334 4186 479 4249 Terramr
498 4199 584 4269 atque
598 4186 670 4260 hoc,
686 4199 720 4246 ut
738 4174 943 4262 fundamento,
965 4187 1076 4269 posita,
1095 4186 1164 4248 reli-
