2950 4934
303 425 370 522 lat
572 419 787 496 sannen
825 425 895 494 nr
929 425 1093 494 ruunt

577 667 603 727 l.
627 688 759 730 sarraca
777 688 891 728 rsnno
910 687 1084 730 saturnu.

345 835 543 920 Credotihi,
557 838 675 921 Paule,
694 839 885 907 nuntiatum
900 862 986 922 esse,
1006 835 1098 930 quod
1114 835 1190 905 heri
1203 859 1282 906 cum
1295 841 1367 906 Lu-

296 953 381 1028 cilio,
392 969 509 1025 nostro
534 954 577 1022 de
599 955 805 1048 apocryphis
823 971 860 1028 et
874 954 951 1024 aliis
971 953 1074 1030 rebus
1093 977 1283 1022 sermonem
1301 953 1367 1022 ha-

295 1068 442 1141 buimus.
457 1073 563 1151 Erant
577 1071 669 1138 enim
682 1068 821 1162 qnidam
836 1069 1094 1164 disciplinarum
1110 1086 1243 1142 tuarum
1258 1071 1368 1140 comi-

293 1203 344 1257 tes
360 1185 550 1258 nobiscum.
567 1188 652 1253 Nam
670 1186 707 1255 in
720 1186 839 1258 hortos
857 1184 1077 1253 Sallustianos
1094 1207 1363 1266 recesseramus,

293 1323 366 1392 quo.
381 1302 418 1367 in
435 1299 516 1369 loco.
528 1301 704 1372 occasione
714 1299 829 1371 nostri
846 1300 914 1369 alio
931 1299 1131 1382 tendentes,
1152 1297 1190 1366 hi
1212 1297 1257 1366 de
1280 1299 1366 1390 qui-

293 1414 357 1482 hus
373 1414 462 1498 dixi,
479 1417 561 1484 visis
579 1414 679 1484 nohis
696 1415 850 1508 adjuncti
863 1431 954 1484 sunt.
971 1418 1071 1485 Certe
1085 1417 1135 1483 tui
1149 1415 1365 1508 praesentiam

292 1532 494 1624 optavimus.
517 1535 559 1600 Et
575 1532 642 1600 hoc
660 1533 746 1600 scias
765 1531 865 1614 volo,
892 1530 1008 1600 libello
1027 1546 1085 1599 tuo
1103 1530 1212 1614 lecto,
1236 1530 1363 1611 idest,

293 1671 398 1740 quum
419 1648 614 1741 legissemus
633 1647 676 1717 de
692 1648 851 1742 plurimis
869 1647 1001 1740 aliquas
1018 1647 1195 1742 epistolas,
1218 1671 1305 1741 quas
1321 1647 1366 1715 ad

291 1764 439 1857 aliquam
456 1768 649 1850 civitatem,
675 1789 736 1834 seu
756 1781 858 1859 caput
876 1767 1061 1858 provincite
1081 1765 1257 1850 direxisti,
1280 1766 1368 1832 mira

291 1877 523 1956 exhortatione
538 1881 641 1949 vitam
660 1878 836 1947 mortalem
857 1881 1091 1965 continentes,
1111 1903 1221 1971 usque
1245 1879 1364 1948 refecti

204 1985 208 1993 ’
292 2016 418 2062 sumus.
441 1992 537 2084 Quos
555 2017 673 2064 seusus
691 2015 761 2067 non
780 2008 862 2085 puto
884 2017 925 2060 ex
946 2007 979 2060 te
997 1992 1104 2094 dictos
1114 2041 1125 2076 ,
1145 1987 1206 2060 sed
1226 2009 1363 2085 perte,

291 2124 383 2178 corte
406 2106 588 2200 aliquando
615 2131 655 2175 er
683 2123 716 2176 te
743 2123 777 2175 et
797 2131 860 2202 per
888 2124 934 2176 te.
959 2109 1070 2176 Tanta
1092 2108 1184 2175 enim
1208 2110 1365 2200 majestas

291 2245 408 2296 earum
426 2237 477 2288 est
495 2245 631 2305 rerum,
651 2235 812 2312 tantaque
834 2223 1060 2312 generositate
1079 2221 1233 2304 clarent,
1254 2225 1364 2290 utrix

292 2335 491 2409 suffecturas
510 2352 625 2429 putem
644 2351 758 2404 aetates
775 2335 971 2416 hominum,
991 2335 1117 2427 quihus
1133 2337 1273 2406 institui-
1284 2361 1363 2432 per·

292 2453 418 2544 licique
434 2452 574 2546 possint.
592 2455 684 2522 Bene
699 2468 732 2520 te
749 2451 883 2536 valere,
906 2453 1022 2535 irater,
1040 2455 1156 2545 cupio,

540 2656 1108 2744 ll.sarsncnrsuinsss1,ursrs.

339 2842 486 2912 Litteras
497 2858 571 2910 tuas
582 2841 701 2910 hilaris
713 2841 789 2910 heri
803 2843 933 2936 accepi,
947 2843 992 2911 ad
1001 2866 1085 2936 quas
1093 2842 1286 2912 rescribere
1299 2861 1363 2914 sta·
1458 2923 1459 2933 χ

291 2961 350 3027 tim
373 2960 492 3052 potui,
513 2960 541 3026 si
559 2960 773 3052 presentiam
789 2959 947 3052 juvenis,
968 2983 1069 3052 quem
1087 2958 1133 3029 ad
1150 2975 1182 3028 te
1200 2941 1364 3031 missurus

291 3100 403 3158 eram,
424 3075 630 3145 habuissem.
653 3077 726 3146 Scis
744 3077 835 3144 enim
858 3076 994 3169 quando
1006 3125 1018 3161 ,
1044 3093 1078 3144 et
1102 3101 1309 3170 perquem,
1330 3094 1364 3146 et
1457 3155 1458 3164 ἵ

292 3215 360 3284 quo
372 3207 535 3285 tempore,
551 3208 586 3261 et
602 3193 658 3260 cui
674 3191 758 3285 quid
774 3192 847 3260 dari
863 3192 1096 3284 committique
1111 3191 1250 3261 debeat.
1265 3195 1362 3288 Rogo
1457 3167 1458 3187 i

292 3331 375 3400 ergo
397 3331 441 3376 ne
467 3323 564 3401 putes
589 3324 622 3376 te
651 3307 863 3402 neglectum,
890 3308 971 3376 dum
993 3331 1145 3401 personas
1164 3309 1367 3402 qualitatem

292 3424 459 3521 respicio,
476 3423 536 3492 sed
547 3422 639 3516 quod
655 3424 777 3496 litteris
792 3426 875 3493 meis
889 3447 948 3492 voa
963 3423 1050 3492 hena
1068 3441 1223 3518 acceptos
1236 3425 1370 3494 alicubi-

293 3540 434 3623 scribis,
463 3538 596 3609 felicem
625 3563 678 3608 me
706 3541 854 3610 arbitror
878 3541 962 3610 tanti
988 3542 1051 3610 viri
1069 3541 1219 3634 judicio,
1242 3545 1370 3635 Neque-

294 3658 384 3725 enim
398 3657 464 3725 hoc
479 3641 594 3723 dicere
613 3679 745 3744 censor,
762 3657 932 3751 sophista,
951 3659 1112 3750 magister
1127 3659 1210 3725 tanti
1225 3660 1362 3752 princi-

295 3917 346 3967 est,
366 3924 424 3976 que
448 3906 564 3975 pietatem
588 3903 715 3978 impislsts
730 3904 879 3960 dissimulat.
891 3905 970 3959 Aliud
983 3918 1020 3958 sst
1037 3917 1104 3958 vestr
1113 3904 1217 3978 prolana
1233 3903 1368 3958 Christum⁴

294 3987 437 4050 occultare,
452 3986 522 4042 alind
539 3999 574 4039 est
589 3985 660 4038 lihris
674 3985 746 4040 editis
761 4007 943 4063 pugnantum
956 3987 1049 4042 Christi
1065 3986 1243 4062 dogmatibus,
1255 3999 1280 4040 et
1293 3985 1368 4044 alind

295 4079 332 4118 ost
340 4067 412 4119 silere
421 4068 454 4121 ds
464 4066 582 4134 Christo,
593 4067 663 4121 alind
674 4066 720 4120 illo
730 4067 838 4140 indigns
847 4069 924 4141 loqui.
935 4069 984 4124 Sed
995 4088 1115 4138 quorsum
1130 4068 1219 4122 attinet
1233 4068 1282 4126 hoc
1292 4086 1360 4122 com-

295 4151 430 4210 meatum?
440 4155 482 4206 An
492 4165 521 4212 ut
529 4152 608 4206 lihros
618 4153 683 4206 illins
697 4151 846 4213 Christianis
855 4153 1002 4210 hominihus
1011 4152 1210 4215 commendent?
1223 4175 1238 4200 s
