2950 4934
331 436 379 532 94
477 521 480 528 y
622 429 664 500 L.
690 429 869 500 ANNAEI
892 430 1112 504 SENECAE

275 585 306 636 55
331 589 372 636 nc
380 561 508 634 liberos
519 559 651 656 genuit.
663 558 796 642 Nihil¹‚
811 561 1069 654 quorumdum
1080 578 1231 632 nostrum
1238 562 1409 647 irritaret,

332 681 446 777 posuit
468 680 506 746 in
527 691 665 772 epert03
685 676 833 771 pedibus
844 699 967 748 surum
979 695 1229 774 argentumque
1241 679 1409 774 subjecit3

331 791 603 886 calcandumque
621 816 662 862 ac
680 793 908 888 premendum
927 793 1023 872 dedit
1045 794 1216 888 quidquid
1240 811 1310 882 est,
1333 819 1414 889 pro

331 930 410 1010 pter
434 909 527 1004 quod
554 910 725 980 calcamur
748 935 790 980 so
816 912 1018 1005 premimur.
1046 912 1109 982 Illa
1134 912 1250 981 vultus
1276 928 1413 982 nostroe

332 1030 442 1100 erexit
463 1025 507 1096 ad
524 1027 682 1110 caelum’,
705 1041 759 1111 et,
782 1026 955 1120 quidquid
976 1030 1195 1120 magnificum
1218 1030 1412 1122 mirumque

333 1144 479 1226 fecerat,
495 1142 606 1212 videri
619 1167 640 1212 a
653 1143 921 1238 suspicientibus
936 1143 1063 1232 voluit;
1080 1160 1177 1214 ortus
1188 1168 1410 1238 occasusque,

284 1247 286 1256 ¹
333 1273 368 1328 et
387 1257 602 1353 properentis
627 1255 748 1326 mundi
768 1255 956 1326 volubilem
978 1281 1139 1342 cursum,
1161 1257 1315 1326 interdiu
1339 1273 1412 1327 ter-

334 1395 419 1440 rena
439 1371 673 1464 aperientem,
697 1383 802 1438 noctu
821 1371 988 1457 caelestin3
1007 1371 1122 1440 tardos
1135 1369 1288 1440 siderum
1302 1373 1414 1440 inces-

277 1511 310 1566 se
335 1513 413 1574 sus,
435 1490 464 1557 si
489 1511 664 1582 compares
691 1481 799 1573 toti³3
824 1488 1061 1572 citatissimos,
1082 1491 1112 1558 si
1131 1491 1262 1584 cogites
1283 1507 1413 1583 quanta

334 1609 444 1702 spatia
470 1629 645 1697 nunquam
671 1605 864 1674 intermissa
886 1605 1064 1676 velocitate
1089 1607 1321 1692 circumeunt3
1348 1605 1412 1673 de·

260 1765 264 1772 ·
335 1722 445 1792 lectus
461 1721 539 1792 solis
558 1720 719 1802 nolonte,
737 1721 885 1790 invicem
900 1721 1121 1809 obstantiums
1141 1717 1413 1816 nlia⁴deinceps

214 1913 219 1926 ,
335 1838 440 1932 digna
460 1837 605 1921 miratu,
626 1837 698 1906 sive
716 1860 782 1931 per
803 1836 960 1906 ordinem
982 1837 1150 1921 subcunt,
1171 1839 1244 1907 eive
1263 1830 1413 1909 ⁵subitis

335 1955 446 2024 causis
469 1969 559 2022 mota
582 1953 789 2048 prosiliunt,
817 1972 856 2022 ut
877 1957 1036 2025 nocturni
1058 1956 1192 2050 ignium
1210 1969 1414 2038 tractus,et

303 2097 307 2108 ¹
335 2074 409 2142 sine
426 2071 495 2140 ullo
518 2071 590 2144 ictu
612 2065 820 2164 sonituque⁶
845 2072 996 2167 fulgores
1015 2073 1090 2142 celi
1109 2073 1294 2145 fatiscentis
1305 2075 1333 2158 ⁷,
1356 2090 1413 2151 co,-

298 2213 310 2228 ·
336 2189 528 2282 lumnaeque
540 2212 582 2258 so
594 2187 730 2274 trabes,
746 2204 781 2257 et
794 2190 888 2260 varia
900 2191 1082 2260 simulacra
1091 2189 1315 2259 flammarum.
1330 2191 1414 2257 Haec

338 2385 431 2436 Noster
451 2382 498 2454 Ep.
520 2396 554 2436 xc
575 2381 621 2436 lin.
643 2401 682 2436 ars
702 2395 739 2436 est
752 2382 851 2436 bonnm
899 2394 1107 2456 qnacnmpotesc.
1117 2380 1327 2453 s.pntr'scentr'sin
1336 2381 1414 2435 codd.

338 2459 471 2514 fierietc.»
482 2459 520 2512 Gi.
531 2460 658 2514 Plutarch.
667 2461 699 2514 de
708 2459 851 2530 Pleeit.pb.
899 2461 1079 2527 confunditur,
1092 2473 1117 2514 et
1126 2481 1168 2528 ap.
1181 2459 1279 2513 Tibull.
1293 2460 1311 2512 l.
1322 2462 1356 2527 5,
1370 2471 1414 2524 67.

337 2541 389 2606 lv,
404 2559 442 2594 ιι.
454 2539 501 2593 Το.
512 2541 577 2608 xn,
590 2560 615 2614 p.
627 2539 686 2607 448,
697 2539 803 2594 liutten.
812 2541 850 2596 B.
898 2547 940 2592 roe
952 2539 1082 2608 fatiscere
1103 2538 1355 2612 interpretamentum
1376 2549 1414 2591 esr

373 2639 395 2672 ι.
404 2619 656 2690 ΝίΙιίΙ..ρνειηι“ιηιιν.
668 2617 746 2672 Conl'.
756 2639 849 2694 supra,
894 2627 1034 2686 patescere.
1049 2615 1305 2688 liubin-Schweig.
1316 2615 1414 2685 datjad

273 2716 276 2728 ·
338 2715 362 2768 p.
373 2695 458 2762 tun.
467 2697 490 2760 4.
502 2695 760 2766 Aliitm'lrr'lqur'dem
769 2699 848 2768 quod.
897 2695 1021 2748 dicentes.
1037 2695 1202 2748 Patescentes
1219 2693 1296 2746 debat
1317 2713 1365 2746 ms
1386 2715 1414 2748 a.

373 2776 850 2832 2.Vutrusmoe.0vid.:«ornamini
897 2793 956 2827 curn
979 2773 1020 2826 ed·
1041 2771 1078 2826 R.
1096 2785 1121 2826 et
1141 2773 1270 2826 codicibus
1289 2772 1363 2826 Pinc.
1388 2787 1415 2826 et

337 2854 445 2908 sublime
456 2855 525 2907 dedit
534 2853 673 2926 'celumque
683 2856 748 2908 tueri
755 2856 848 2918 Jnssit,
898 2850 973 2903 Grut
982 2849 1117 2914 omnibns;
1126 2849 1171 2902 nbi
1180 2848 1217 2903 sie
1224 2849 1343 2903 distincta
1353 2870 1414 2902 ver-

339 2943 364 2984 et
379 2941 474 2984 erectos
490 2931 522 2983 ad
537 2930 620 2983 sidera
630 2930 719 2984 tollere
731 2931 823 2984 vultus.
834 2953 848 2979 s
896 2929 928 2981 ba
946 2928 1028 2983 voluit
1041 2929 1114 2982 Pinc.
1119 2930 1256 3000 fulgores,
1279 2932 1340 2983 coelr'
1353 2950 1415 2999 pe-

371 3011 395 3066 3.
408 3010 442 3065 Sr'
450 3031 582 3080 compares
599 3015 653 3064 toti.
666 3011 687 3063 1.
703 3011 766 3066 celo
779 3011 850 3084 qnod
897 3017 1038 3072 terrentes,
1056 3007 1126 3079 quod
1145 3021 1169 3061 et
1186 3007 1273 3082 Lipsio
1294 3006 1413 3081 plantit,

337 3103 494 3166 percurrunt.
893 3087 1043 3154 pausantis
1061 3098 1147 3138 tamen
1161 3085 1301 3150 scribenti,
1318 3107 1414 3160 nempe

371 3171 396 3234 4.
406 3169 589 3236 obstantium
599 3173 665 3224 0150,
675 3171 727 3223 Pro
737 3169 848 3224 maimo
896 3161 1077 3214 terminatione
1089 3165 1112 3214 r's
1121 3182 1167 3234 pro
1174 3183 1212 3216 es.
1220 3156 1350 3234 Fulgores
1357 3169 1417 3222 coelr‘

338 3260 447 3319 puncto,
459 3245 528 3319 quod
538 3247 617 3320 vulgo
626 3245 668 3300 bic
678 3247 793 3322 ponitur,
802 3267 849 3300 nos
886 3241 1039 3312 fatiscentis
1056 3239 1153 3315 primus
1174 3241 1256 3294 edidit
1275 3241 1414 3306 Ensmns,

337 3326 515 3378 tantummodo
524 3325 662 3378 semicolon
675 3325 848 3388 adhibuimus,
896 3318 983 3371 nescio
997 3333 1081 3372 utrum
1101 3339 1131 3372 ex
1148 3320 1255 3390 conjeci·
1273 3339 1308 3373 au
1329 3343 1343 3374 e
1362 3335 1416 3375 vet.

338 3423 419 3474 quum
441 3402 637 3456 enumerationis
657 3403 689 3456 sit
711 3401 781 3456 linis.
794 3403 849 3456 Nec
897 3397 953 3449 cod·
965 3417 1040 3469 quem
1053 3397 1159 3470 quidem
1170 3398 1271 3451 nullum
1278 3398 1418 3453 *movimus⁴

339 3480 409 3536 obest
419 3481 611 3555 quodmrumt
620 3481 849 3555 troe1m‚qu0d,0.
897 3474 997 3528 Placuit
1009 3487 1094 3528 tamen
1105 3476 1132 3529 id
1142 3475 1248 3530 verbum
1254 3513 1263 3539 ‚
1274 3477 1318 3530 sed
1326 3497 1357 3530 ea
1365 3491 1417 3531 ter-

339 3561 433 3633 quitur,
450 3573 486 3614 est
497 3560 524 3613 in
532 3561 625 3636 plurali
636 3581 754 3627 numero,
767 3581 848 3634 quum
897 3554 1040 3608 misellum
1052 3576 1129 3628 quam
1140 3557 1241 3610 codices
1254 3557 1333 3610 nostri
1347 3578 1417 3632 prte-

271 3692 275 3700 .
338 3639 533 3712 intelligendum
544 3639 575 3692 sit
585 3641 734 3707 prosiliunt.
897 3631 999 3686 iverunt
1012 3651 1018 3686 :
1035 3653 1082 3686 nec
1093 3655 1155 3687 vero
1168 3633 1226 3688 satis
1237 3635 1312 3688 nobis
1323 3635 1417 3706 liquet.

374 3721 396 3772 5.
406 3717 509 3771 Subitr's
519 3719 614 3771 causis.
628 3717 705 3769 llecte
712 3715 752 3769 ed·
761 3714 849 3767 linbb.
896 3711 996 3765 Erasmi
1007 3713 1156 3786 scripturam
1166 3714 1246 3767 tenuit
1256 3715 1326 3768 Mur·
1337 3727 1364 3767 et
1375 3736 1418 3767 re·

338 3795 409 3848 etsie
420 3815 446 3846 a.
457 3813 478 3848 c.
490 3795 524 3846 Α.
537 3813 590 3846 non
602 3793 725 3847 subditis.
737 3791 849 3846 Ptelero
896 3790 1151 3846 vocaritlluhlrdlls.
1159 3814 1180 3847 c.
1194 3805 1218 3845 et
1228 3792 1312 3847 edd.
1322 3794 1416 3847 vitiose

338 3871 404 3926 illud
414 3909 421 3936 ‚
433 3884 462 3924 ut
472 3871 612 3946 oppositum
620 3871 665 3934 iis,
674 3887 731 3943 quse
744 3889 788 3944 per
803 3888 850 3922 or·
897 3867 966 3920 band
976 3869 1064 3937 dubie,
1071 3869 1190 3942 lislgorrs
1200 3876 1259 3926 coelr'
1265 3875 1417 3926 columnar-

339 3949 428 4022 dipem
441 3949 555 4002 veniunt.
565 3949 648 4003 Soleo.
899 3966 950 4018 que
966 3959 1142 4017 patescente,
1163 3965 1188 4004 et
1206 3952 1327 4005 omittunt
1350 3954 1416 4008 duas

374 4027 400 4080 t.
411 4026 475 4081 Sine
489 4031 543 4080 ullo
557 4029 609 4081 ictu
623 4029 767 4094 sonituque.
782 4023 851 4078 Vide
899 4046 974 4080 voees
986 4047 1018 4080 oc
1030 4027 1134 4094 trades,
1151 4047 1212 4101 quas
1230 4029 1347 4102 agnoscit
1366 4052 1416 4084 ros.

341 4106 401 4158 Nat.
415 4105 509 4173 Qnaest
521 4105 547 4167 l,
565 4105 595 4169 ιζ
607 4115 631 4155 et
645 4107 682 4156 ι5.
691 4101 784 4154 Rutt.
899 4125 925 4156 a.
934 4123 992 4158 cum
1004 4105 1069 4159 aliis.
1081 4105 1132 4159 Sed
1140 4110 1416 4184 columnasquesgno·

375 4203 398 4254 7.
410 4185 571 4237 distinentis·
582 4180 694 4256 Vulgata
707 4191 743 4232 est
754 4177 848 4247 lectio,
899 4194 972 4234 scunt
980 4181 1041 4235 item
1048 4182 1093 4236 elii
1099 4196 1147 4237 vet.
1155 4182 1214 4237 libri
1223 4205 1324 4240 omnes.
1332 4185 1415 4242 Sabe.
