2950 4934
285 421 351 506 264
575 425 615 489 L.
641 417 817 486 annun
842 415 1056 486 sannen

281 549 412 635 alveum
423 549 584 618 lintribus
591 565 708 630 arent,
721 569 888 638 versoque
900 543 984 613 vado
995 549 1002 580 ¹
1015 545 1207 612 remittunt²¹
1221 539 1352 612 hortos.

283 703 331 728 .-
341 661 459 756 Quid?
472 667 501 732 si
515 657 614 756 quis³
629 691 638 733 ς
656 664 790 733 femiam
803 665 904 732 cinnu'
917 654 1095 754 crisputoe⁴
1110 658 1214 727 labris
1224 658 1357 727 colum-

282 773 417 862 batur⁵,
431 781 620 873 incipitque
629 780 814 872 suspirans,
828 793 867 844 ut
876 777 1008 844 cervice
1021 776 1106 842 lassa
1120 775 1279 843 fanantur
1294 797 1354 841 ne·

284 895 386 973 moris
401 896 536 985 tyranni
549 887 576 964 ⁶.
587 890 912 960 -Irremediabilis
926 889 1025 958 factio
1038 894 1048 938 ²
1065 917 1072 954 :
1089 890 1256 957 rimantur
1269 911 1356 980 epu-

283 1010 342 1092 lis,
366 1008 555 1102 lagonaque
571 1025 703 1078 tentant
717 1008 852 1088 domos,
878 1021 913 1075 et
933 999 1016 1098 spe8
1032 1021 1173 1073 mortem
1196 1006 1351 1098 exigunt.

284 1127 489 1196 -Genium
507 1127 590 1194 festo
610 1127 665 1193 vix
682 1149 743 1192 suo
760 1139 896 1205 testem,
917 1123 1072 1190 tenuisve
1088 1124 1178 1191 cerei
1196 1123 1298 1205 fitat,
1318 1139 1357 1190 et

283 1292 654 1364 eultnsuoloqui,scuquam
667 1292 750 1344 dicere
765 1303 792 1343 ut
841 1289 1244 1343 turhabentetiamc.A.lassa
1254 1310 1355 1342 veroa.
1466 1353 1467 1356 Ἴ

282 1369 439 1442 sequituril
463 1372 557 1423 Amne.
582 1371 626 1423 Sic
644 1368 792 1440 Schweigh.
840 1384 861 1418 c.
877 1365 912 1416 R.
929 1369 966 1419 A.
985 1366 1028 1418 alii
1045 1365 1123 1438 vulga
1138 1370 1217 1420 im.
1231 1366 1356 1419 Sabim·-

283 1449 385 1520 Lipsio‚
407 1446 463 1502 aliis
478 1449 585 1500 Macen.
607 1447 710 1499 verbaa
727 1449 794 1516 qaid
842 1443 925 1510 Rubi.
935 1443 1013 1496 edidit
1024 1445 1359 1510 :utceror'ceiaxuscmtar

283 1543 351 1595 turp.
363 1528 472 1600 incipere
488 1525 660 1600 lingentibus,
677 1529 792 1580 Muretus
841 1543 885 1576 nec
896 1543 974 1575 more.
991 1521 1057 1594 Alii,
1070 1521 1170 1593 inquit,
1185 1539 1206 1573 c.
1217 1524 1301 1584 iussa,
1314 1522 1357 1572 Ia·

284 1627 314 1658 er
326 1605 429 1677 iugenio
441 1607 550 1658 fecerat:
566 1603 641 1674 Quid
650 1607 752 1672 purius.
760 1631 793 1658 -.
839 1611 1038 1670 presumatur,
1053 1613 1077 1652 et
1089 1599 1117 1652 in
1129 1619 1173 1652 ora
1182 1599 1279 1651 Frasm.
1291 1617 1358 1650 saa-

286 1682 316 1731 V
314 1686 364 1735 ide.
373 1683 408 1736 al.
415 1684 489 1735 vides
497 1703 525 1733 ex
533 1681 612 1754 Lipsii
620 1682 686 1753 conj.
695 1685 792 1734 Antea:
843 1683 954 1730 orantur.
964 1678 1066 1750 Lipsius
1075 1679 1141 1749 conj.
1141 1676 1283 1750 sanaturi.
1293 1677 1357 1729 furit

283 1763 352 1814 velie.
368 1761 466 1833 Lipsius
488 1759 563 1811 babet
575 1759 621 1810 hos
643 1777 728 1811 versus
749 1779 794 1829 pro
843 1770 918 1827 atque
929 1757 1030 1809 insanit
1043 1757 1094 1810 Pro
1112 1777 1155 1810 nec
1166 1775 1236 1808 more
1246 1755 1290 1808 alii
1305 1775 1358 1808 nc-

284 1837 412 1895 versicnlis
425 1841 476 1890 l'cre
492 1838 610 1891 undecim
623 1837 793 1910 syllabarum,
843 1856 922 1901 mom,
930 1835 973 1888 alii
982 1841 1095 1902 nenton,
1105 1837 1209 1905 quidam
1217 1854 1358 1890 nemore:

284 1931 391 1970 metrum
400 1929 485 1969 tamen
494 1936 548 1968 uon
557 1917 795 1988 attigit-Amne...
844 1913 1034 1984 quodultimum
1041 1911 1358 1987 prtelcrtbips.jungitque

283 1995 795 2065 coenantibasdm.quomamnisetsilvoe
845 2013 903 2045 cum
923 1993 1067 2066 prioribus,
1087 1993 1157 2045 etde
1175 1991 1358 2045 bacchantibus

285 2075 364 2145 ripam
381 2073 537 2126 contineant.
550 2074 661 2127 Comum
675 2073 744 2124 enim
761 2074 795 2126 ita
844 2071 1014 2125 ultramorcm
1024 2071 1135 2144 explicat.
1146 2071 1247 2143 Recepi.

284 2152 410 2225 intelligo,
419 2152 502 2224 utiap.
510 2151 595 2203 Valer.
602 2151 723 2218 Flaccv,
732 2151 779 2216 367
788 2169 795 2204 t
879 2169 901 2218 7.
909 2151 1118 2210 Inremediabilis
1119 2151 1213 2220 factio.
1225 2147 1358 2222 Rubkopi.

283 2241 422 2299 «astroque
430 2241 556 2280 comantes
563 2229 795 2300 Tyndaridasmlli.
846 2229 888 2280 dat
909 2229 1027 2300 Tyranni
1044 2228 1242 2282 irremediabilis
1246 2229 1356 2298 factio,

322 2307 482 2376 densoque
489 2307 568 2357 vado.
577 2309 651 2375 Aqua
659 2308 735 2357 remis
744 2325 797 2378 aga
845 2305 998 2379 explicatque
1016 2307 1135 2358 :tertium
1156 2305 1302 2378 exemplum
1321 2319 1358 2358 est

285 2394 349 2445 tata,
364 2382 449 2435 hortos
460 2394 515 2455 post
524 2402 550 2433 se
561 2381 712 2453 relinquant.
722 2382 757 2436 R.
845 2403 920 2456 super
931 2385 1079 2454 tyrannide,
1090 2384 1161 2452 cujus
1172 2384 1358 2435 irremediabi-

318 2482 341 2512 α.
362 2461 519 2512 Remittunt.
539 2459 648 2511 Plurimi
665 2459 741 2512 codd.
762 2464 796 2512 At
844 2465 877 2514 lis
888 2465 1013 2519 ἀνηκέστου
1023 2499 1030 2526 ,
1040 2459 1223 2533 implacabilis,
1236 2460 1358 2512 satellites

283 2539 402 2590 Erasmus
413 2540 551 2590 :amittat
559 2537 584 2588 J.
591 2535 703 2607 Scaliger
712 2540 797 2588 remi-
844 2541 872 2592 in
889 2539 1012 2592 conviviis
1031 2553 1055 2592 et
1065 2537 1161 2613 poculis
1181 2537 1357 2600 insidiantur,

281 2628 360 2686 gam,
372 2615 461 2670 laudat
472 2615 567 2689 virgil.
582 2617 795 2687 AEn.V111‚95:
829 2625 870 2672 'ct
879 2618 1045 2672 delationibus
1058 2619 1108 2670 suis
1122 2617 1223 2670 exitium
1236 2630 1346 2669 sursunt

285 2694 750 2769 aviridesquesecautplacidooequore
756 2696 796 2750 sil·
877 2697 900 2750 8.
909 2697 947 2750 Et
959 2717 1011 2766 spe.
1019 2697 1110 2750 Sums-
1118 2717 1144 2748 a.
1158 2698 1223 2749 Cam
1233 2715 1279 2765 spe
1289 2715 1311 2748 c.
1322 2699 1359 2749 A.

209 2767 213 2780 ’
284 2774 385 2835 vas,»i.
394 2793 415 2824 e.
424 2773 547 2846 navigant
556 2772 655 2846 placido
664 2773 737 2826 alveo
745 2774 797 2826 llu-
844 2773 961 2842 Etsoepe
970 2775 1089 2848 vulgoea
1103 2773 1230 2826 Mem

878 2851 1032 2924 pTenuisoe
1039 2849 1210 2920 cenifiImSic
1216 2847 1273 2902 edd.
1282 2848 1357 2912 olim,

845 2950 935 2983 cuma.
942 2950 962 2982 c.
975 2929 1009 2980 R.
1020 2930 1055 2982 A.
1066 2929 1188 2980 Tenuisve
1201 2927 1358 2995 Cerceisfila

284 2854 321 2907 rii
337 2852 403 2906 iuter
417 2852 483 2922 ripas
498 2853 568 2906 silvis
584 2852 700 2905 consitas.
717 2851 799 2904 Remi

284 2935 364 2984 iciant
374 2931 400 2982 ir.
411 2930 511 2983 emend.
527 2929 632 3002 Lipsius.
644 2929 732 2982 Ruti.

319 3008 343 3059 3.
359 3006 455 3078 Quid?
466 3011 568 3078 siquis.
579 3009 640 3059 Nun
652 3009 797 3062 lllteccnatis

286 3086 342 3138 hac
353 3086 445 3151 verba,
457 3088 500 3140 aed
514 3087 619 3140 Seneoe
628 3105 681 3139 ease
694 3087 799 3160 conjicit

286 3162 435 3233 Schweigb.
449 3161 590 3236 Supplend.
602 3165 701 3216 diceret-

320 3242 344 3304 4.
356 3242 476 3294 Feminae
491 3247 568 3294 cinno
581 3245 701 3309 crispata
713 3245 798 3295 labris

285 3319 554 3381 mundatricem»,
563 3323 690 3372 noncireo
697 3340 752 3373 Μ.
762 3323 797 3373 Α.

285 3408 341 3448 tum
355 3398 455 3464 crispat
471 3405 496 3448 et
510 3397 579 3448 iubs.
589 3417 617 3449 a.
631 3397 666 3449 Il.
682 3400 800 3466 Crispate

286 3474 321 3537 (i.
337 3478 508 3543 estimatis)
521 3483 548 3527 ct
556 3477 624 3528 labe.
635 3496 656 3529 c.
669 3477 704 3526 A.
716 3477 799 3530 Satn.

286 3581 319 3594 -
328 3553 443 3606 Femina
452 3556 518 3607 sirm
527 3557 626 3622 cn'spat
635 3554 729 3606 illucet.
741 3554 799 3607 Fe-

847 3007 886 3060 ed.
898 3008 983 3061 nunt.
996 3027 1026 3059 ex
1034 3005 1157 3078 scaligeri
1170 3003 1275 3075 conject.
1285 3001 1314 3057 S.
1323 3029 1357 3042 -
1460 3063 1464 3072 ,

846 3086 907 3149 Sic,
921 3084 1004 3155 inquit
1014 3083 1099 3137 lluhk.
1118 3101 1188 3134 suam
1207 3095 1280 3134 tuens
1301 3078 1357 3135 lect.

847 3164 941 3237 optime
957 3164 1011 3216 Jos.
1031 3161 1143 3232 Scaliger
1154 3159 1182 3211 in
1195 3157 1312 3232 Elegiam
1326 3157 1359 3209 de

847 3245 916 3297 obitu
928 3243 1073 3296 Maecenatis
1085 3240 1275 3308 (Werosdorl.
1285 3241 1360 3292 Poet.

847 3323 900 3375 Lat.
909 3321 971 3373 min.
978 3321 1077 3373 Vollll
1087 3339 1109 3391 p.
1119 3317 1359 3389 155sqq.)restituit,

849 3419 927 3470 quum
938 3417 1027 3451 omnes
1037 3399 1110 3452 codd.
1119 3408 1142 3448 et
1152 3396 1209 3448 edd.
1217 3395 1361 3467 praebeant:

848 3480 959 3530 tenuisoe
974 3475 1045 3529 Cerei
1054 3495 1073 3528 s.
1086 3477 1147 3528 Cen
1156 3493 1165 3526 .·
1175 3474 1192 3526 i.
1207 3473 1315 3526 induam
1331 3473 1360 3525 ia

847 3553 996 3607 molendino
1013 3573 1055 3628 per
1070 3551 1178 3605 fistulam
1195 3564 1359 3619 manantem,

286 3635 366 3684 minoe
379 3635 445 3686 cirea
458 3637 558 3702 crispat
574 3634 700 3685 Erasmus.
715 3634 798 3688 Codd.
848 3631 967 3708 quoniam
983 3633 1065 3688 tenuis
1080 3632 1135 3705 eius
1153 3632 1239 3685 ductus
1255 3645 1284 3684 ut
1292 3631 1344 3703 fili
1351 3653 1359 3684 .·

286 3709 328 3765 vel
337 3711 384 3762 uui
394 3711 434 3763 vel
446 3710 520 3764 alteri
529 3711 633 3764 lectioni
645 3713 735 3764 lavent.
751 3715 784 3766 R.
847 3712 925 3766 intell.
936 3711 1003 3782 quod
1014 3712 1114 3774 attinet,
1125 3713 1195 3764 sard:
1204 3709 1312 3782 implent
1321 3710 1359 3762 fa·
1371 3729 1375 3734 ·

319 3788 342 3838 5.
350 3785 449 3839 Lubris
455 3790 625 3840 ratumenna.
634 3788 798 3844 LaudatSca·
846 3788 901 3840 rina
913 3801 938 3840 ct
949 3787 1014 3840 mola
1023 3786 1083 3838 lalsa
1093 3787 1178 3838 locum
1186 3785 1277 3837 litandi
1285 3805 1360 3838 causa

285 3862 797 3940 ligeremlllattiiMimiambumap.1lul.
847 3878 946 3940 propter
965 3865 1085 3918 Genium.
1105 3864 1158 3932 Qui
1177 3867 1244 3916 cerei
1264 3863 1359 3916 delen·
1466 3877 1467 3882 ’

286 3939 354 3996 Gall.
370 3944 432 4006 XX,
447 3962 481 4016 9:
492 3944 717 3998 «Columbulatim
728 3946 797 3999 labra
848 3943 927 4008 dunt,
944 3942 1067 4016 explicant
1087 3953 1116 3993 ut
1134 3941 1232 4014 Lipsius
1250 3957 1256 3994 :
1271 3941 1359 3993 lumen

286 4025 420 4078 conserens
433 4021 539 4075 labris.»
552 4023 644 4076 Ruth.
847 4022 883 4074 ibi
897 4035 971 4074 tenue
983 4039 988 4073 :
1001 4038 1086 4074 cerens
1099 4019 1139 4071 rix
1148 4032 1252 4072 ceratus.
1267 4019 1318 4072 Sed
1333 4019 1358 4070 iu

319 4099 451 4154 (icterias
461 4102 676 4173 iassasanantur
685 4107 798 4155 ncnroris
847 4099 975 4170 tuguriolo
995 4098 1152 4171 pauperrimo
1173 4098 1205 4150 de
1225 4117 1300 4151 cereo
1319 4096 1359 4147 vix

287 4180 400 4256 irtam&-
408 4178 452 4230 Sic
461 4199 560 4252 prorsus
571 4199 651 4232 mna.
663 4179 797 4248 etsanan-
847 4177 949 4250 cogites.
966 4177 1055 4229 Rutu.
1067 4200 1100 4230 ··,·
1111 4177 1258 4248 Deparcum
1270 4173 1358 4228 homi-
