2950 4934
326 457 392 500 nro
613 441 651 504 L.
678 433 856 502 ANNAEI
881 433 1102 504 SENECAE

612 643 725 679 ”Med
742 643 868 680 Ιιῦῦῐῑῐθ
885 644 943 680 suo
961 643 1104 680 tntum.

370 777 445 844 Usr
476 772 534 841 itta
566 770 749 864 prudentie
778 771 863 840 tusi
886 769 948 838 ubi
974 771 1010 838 in
1043 769 1264 866 dispiciendis
1290 777 1397 846 rebus

225 868 227 871 Ι
321 890 518 960 subtilitss?
540 887 600 956 ubi
627 885 857 980 magnitudo?
882 888 968 955 Tum
997 887 1120 980 pusille
1143 912 1198 958 ree
1217 904 1250 958 te
1269 894 1396 988 angit?

320 1007 419 1076 Servi
435 1004 673 1097 occupationes
689 1017 765 1070 tuns
788 1003 998 1070 occasionem
1015 1002 1102 1096 iuge
1119 1019 1336 1098 putaverunt.
1356 1009 1391 1078 si

319 1123 420 1190 amici
436 1120 635 1214 deciperent
655 1117 821 1207 (babeant
833 1117 925 1185 enim
938 1141 1019 1186 sene
1036 1143 1160 1188 nomen
1172 1125 1196 1203 ¹,
1213 1120 1305 1214 quod
1323 1124 1393 1194 illie

319 1249 434 1303 noster
449 1234 640 1326 Epicurus²
658 1231 839 1324 imposuit,
859 1244 894 1298 et
908 1224 1092 1300 vocentur⁵
1105 1232 1141 1322 ),
1165 1250 1267 1326 quote
1284 1229 1392 1329 ‘pers

318 1348 452 1418 abesset
473 1345 630 1416 omnibus
651 1345 754 1413 rebus
769 1346 862 1414 tuis?
881 1347 1012 1414 Desunt
1027 1348 1103 1435 itti,
1122 1351 1182 1442 qui
1200 1368 1234 1419 et
1252 1375 1390 1446 opernm

317 1479 408 1532 tuem
436 1461 688 1542 conterebant,
717 1476 753 1528 et
782 1475 816 1528 tc
844 1459 921 1528 aliie
961 1463 1139 1533 molentum
1169 1489 1242 1534 esee
1263 1467 1392 1536 crede-

315 1571 435 1648 bant⁶.
454 1578 550 1646 Nihil
568 1575 692 1646 borum
712 1574 907 1656 insolitum,
928 1575 1017 1643 nibil
1037 1577 1299 1673 inexspectatum
1319 1599 1388 1651 eet.

315 1694 451 1764 Offendi
476 1694 580 1763 rebus
600 1693 695 1776 iotis,
723 1707 791 1758 tam
819 1687 1002 1758 ridiculum
1029 1709 1105 1780 est,
1135 1719 1236 1787 quom
1260 1701 1388 1789 queri,

315 1810 406 1904 quod
428 1810 600 1905 spargeris
623 1810 659 1875 in
672 1806 836 1901 publico,
854 1821 912 1874 eut
937 1809 1128 1901 inquineris
1145 1812 1182 1878 in
1206 1811 1290 1880 luto.
1316 1817 1392 1882 En-

315 1928 394 1999 dem
412 1931 491 1997 ritae
518 1923 669 1996 conditio
699 1939 772 2009 eet,
797 1947 873 2016 quae
898 1923 1034 2010 balnei,
1064 1927 1192 2013 turbe,
1223 1931 1388 2000 itineris:

314 2045 464 2138 quedam
482 2046 517 2111 in
531 2060 565 2110 te
578 2043 756 2110 mittentur
765 2036 792 2124 ⁶,
809 2041 963 2134 quedem
977 2043 1141 2114 incident.
1158 2049 1233 2115 Non
1249 2063 1301 2115 est
1319 2047 1390 2116 de-

348 2259 369 2290 ι.
388 2237 517 2290 Habeant
542 2238 613 2288 enim
636 2251 701 2288 sane
722 2251 824 2285 nornen·
873 2235 934 2286 ss'nt.
949 2233 1000 2286 dut
1015 2255 1061 2309 ego
1077 2235 1239 2290 rebementer
1251 2237 1328 2292 fallor
1342 2253 1387 2293 sut

312 2315 379 2367 Nem
394 2313 476 2368 Stoici
491 2313 582 2376 aliter,
593 2311 637 2383 qui
655 2308 745 2363 sciunt
758 2307 824 2361 solos
872 2315 996 2376 nonsint,
1008 2312 1079 2382 quod
1089 2313 1181 2367 hebent
1190 2313 1259 2378 libri,
1271 2315 1387 2388 ineptum

312 2391 436 2464 sepientes
453 2391 557 2444 interes
572 2390 666 2442 amisos
679 2407 748 2452 esse;
763 2387 825 2442 reli·
873 2385 1120 2459 interpretamentum
1135 2391 1386 2455 urbibetanus,

311 2489 374 2541 quos
385 2470 466 2541 magis
478 2473 573 2533 socios,
586 2480 610 2519 et
621 2466 729 2520 ntiiitste
741 2465 825 2537 sliqus
872 2465 985 2536 sdeoque
994 2467 1043 2520 levi
1051 2469 1163 2522 remedio
1172 2470 1207 2523 sie
1216 2472 1388 2526 restituendus

311 2547 424 2617 junctos,
436 2565 514 2618 quem
531 2545 634 2598 emices.
649 2543 724 2614 Lips.
872 2541 942 2596 loeus
953 2563 960 2597 :
972 2555 996 2598 et
1008 2557 1138 2612 vacentur,
1152 2547 1219 2612 (seii.
1230 2553 1311 2604 arnr‘cr'
1317 2567 1327 2612 ,·
1339 2571 1387 2604 nee

345 2619 467 2680 2.Noster
476 2625 612 2696 Epicurus.
622 2623 675 2692 Qui
684 2624 822 2677 amicitiam
871 2639 933 2691 opus
950 2635 1002 2675 eret
1018 2637 1045 2674 ut
1061 2629 1101 2676 r'tc
1118 2635 1239 2678 vocentur
1248 2628 1387 2700 corrigeret

312 2703 404 2756 mirum
424 2705 451 2757 in
472 2705 578 2757 modum
592 2699 695 2770 ⁴coluit,
714 2701 823 2774 ideoque
874 2699 958 2766 Mur.)
974 2721 1025 2770 quo
1043 2707 1144 2771 turpius
1162 2707 1249 2758 desint
1261 2710 1385 2762 arnns‘bas

241 2826 243 2829 .
312 2800 366 2833 non
374 2781 457 2834 solum
464 2802 480 2834 s
491 2782 582 2834 coevis
591 2781 643 2834 suis
654 2781 767 2846 asseclis,
778 2781 823 2834 sed
871 2779 949 2831 rebus
957 2783 1010 2832 tar's
1020 2801 1029 2832 :
1038 2784 1131 2835 desunt
1140 2786 1183 2836 iili
1191 2821 1198 2847 ,
1208 2798 1253 2837 etc.
1263 2783 1346 2838 Scbse.
1353 2815 1386 2828 --

312 2859 444 2932 spasteris
461 2879 562 2931 quoqne
579 2860 666 2934 magni
684 2859 769 2911 fiebat.
784 2859 823 2914 Cf.
872 2857 1006 2927 Vuigstsm
1019 2858 1064 2911 int.
1083 2860 1104 2912 si
1120 2859 1194 2913 amici
1211 2861 1249 2914 ilii
1265 2861 1387 2936 vulgares

312 2937 398 3012 Baylii
409 2939 523 2995 Diction.
534 2939 655 3009 Epicure,
669 2952 722 2991 not.
737 2939 773 2991 Ι).
786 2931 822 2991 R.
875 2937 940 3003 (reri
948 2957 1000 2990 non
1012 2941 1126 3012 possunt)
1140 2951 1162 2990 te
1173 2939 1302 3004 deserent,
1314 2941 1387 2994 ideo·

312 3019 413 3079 —ldeo
432 3031 518 3072 noster
533 3021 629 3072 Seneca
641 3019 704 3071 dicit
713 3017 773 3090 quin
790 3019 823 3071 sd
872 3034 904 3066 ne
917 3034 1025 3086 engere,
1038 3027 1062 3068 et
1071 3035 1108 3069 ree
1120 3029 1174 3068 tuse
1185 3017 1295 3070 turbatas
1307 3019 1386 3072 retin-

311 3091 439 3150 bueilium
448 3097 551 3163 scribit,
567 3117 644 3166 quem
659 3112 732 3170 suprs
746 3096 823 3150 etiem
871 3113 965 3165 nosque
975 3091 1062 3167 putes?
1074 3089 1107 3146 Et
1116 3095 1245 3165 quomodo
1257 3114 1330 3149 nunc
1342 3117 1386 3149 en·

313 3176 824 3249 notsbsrnusinseetsillaiuisse.Epicu·
872 3171 955 3244 garis,
973 3191 1053 3242 quum
1072 3191 1124 3226 nou
1139 3172 1228 3235 amici,
1251 3171 1297 3226 ted
1316 3177 1385 3228 servi
1455 3191 1456 3197 ’

313 3265 443 3304 meantem
452 3253 545 3306 smieos
552 3253 606 3306 sois
612 3254 720 3308 utiiitste
726 3266 821 3320 censet,
872 3249 986 3302 infideles
998 3263 1022 3302 te
1034 3245 1172 3302 deserent?

314 3344 339 3383 et
347 3331 428 3402 persei
437 3332 491 3384 ruit
501 3333 541 3385 bi
548 3335 588 3395 ein
599 3335 679 3403 χμῖας
688 3373 696 3400 ,
706 3335 739 3388 ob
749 3354 820 3398 usus3
904 3333 927 3384 5.
938 3327 975 3382 Ei
983 3337 1008 3384 te
1016 3333 1078 3383 ab'r's
1088 3333 1223 3384 molestum
1232 3349 1289 3384 esse
1297 3335 1387 3386 erede·
1452 3313 1454 3397 i

312 3410 377 3462 sieut
395 3422 419 3462 et
439 3421 528 3462 terrem
545 3412 650 3465 serimus
669 3412 702 3466 ob
720 3415 823 3466 fruetus.
871 3407 942 3460 bant.
960 3407 1003 3460 Sit
1018 3427 1107 3460 omnes
1124 3407 1180 3460 iibri
1200 3427 1207 3462 t
1224 3421 1250 3462 st
1266 3411 1386 3466 Muretus

313 3489 441 3553 Leontion
452 3501 478 3542 et
486 3489 553 3542 sdde
563 3508 637 3561 euprs
646 3491 693 3566 Ep.
706 3507 743 3544 tx.
751 3491 822 3560 lips.
870 3487 1007 3538 molestum
1016 3487 1172 3540 reddebant:
1184 3485 1252 3541 bend
1262 3487 1331 3542 maie
1339 3509 1385 3563 pro
1450 3487 1451 3531 i

347 3569 372 3621 3,
384 3568 424 3621 Ee
432 3581 559 3622 mensur,
571 3569 616 3622 Sic
626 3570 723 3624 Em,
735 3583 759 3624 ει
768 3589 824 3623 om.
870 3581 946 3616 sensu
958 3579 1020 3631 :pro
1032 3583 1092 3616 vero
1103 3575 1204 3636 putem,
1218 3572 1242 3618 Ie
1253 3569 1318 3619 aliis
1331 3588 1386 3620 rna·
1449 3579 1450 3596 ¹

313 3666 359 3700 nes
373 3646 447 3700 codd.
462 3660 537 3718 atque
552 3647 612 3700 edd.
622 3649 656 3701 bt
666 3648 739 3702 Pine.
751 3649 821 3723 esnj.
870 3645 965 3696 testum
978 3649 1003 3694 et
1013 3660 1042 3694 se
1053 3637 1195 3694 reddebant
1205 3643 1269 3715 :ipsi
1280 3643 1385 3718 impor-

311 3729 449 3778 uttam,
464 3725 555 3779 Ruth,
869 3719 1170 3784 tuni,etteisciebsnt,
1188 3719 1248 3772 dum
1269 3723 1385 3792 protrahi
1446 3743 1447 3786 ξ

344 3801 754 3873 4.ρυοωρανεαόιεει1.1)ιι·ῐίω
762 3803 822 3856 Piu-
871 3796 1384 3870 etcommenderivoiunt‚etspeesusste
1445 3847 1446 3863 ,

312 3881 394 3944 cisni,
408 3882 498 3953 partim
512 3883 607 3935 Mureti
623 3882 672 3934 boc
689 3883 821 3935 inventurn
871 3878 973 3946 juvente
985 3877 1094 3950 impleri.
1108 3875 1181 3947 lips.

311 3973 362 4024 αις
375 3961 402 4013 in
414 3981 466 4030 quo
478 3981 567 4014 vereor
579 3981 612 4014 ne
627 3960 721 4012 mirum
736 3979 820 4032 queu-
902 3953 926 4009 b.
940 3956 975 4007 ln
985 3967 1009 4008 te
1015 3959 1155 4009 mittentur.
1163 3955 1301 4010 Verissims
1312 3957 1384 4012 bend
1443 3955 1444 3997 i

311 4051 364 4091 turn
377 4038 549 4092 aberraverint
559 4039 591 4092 sb
607 4038 641 4092 eie
655 4037 751 4100 verbis,
765 4059 820 4109 qne
869 4034 946 4087 dubie
964 4034 1042 4106 Lipsii
1061 4035 1210 4088 emendetis).
1219 4037 1309 4112 Vulgo
1320 4059 1383 4092 om-

309 4111 356 4168 sub
370 4129 482 4168 veterum
496 4116 613 4170 codicum
623 4117 742 4188 scripture
753 4115 820 4188 iste-
869 4133 913 4164 nes
920 4113 1122 4166 intermittentur.
1128 4111 1381 4168 Sene-sienne.

311 4194 378 4245 bant.
391 4195 492 4266 Legitur
509 4195 575 4246 enim
587 4213 639 4263 quo
652 4197 755 4258 turpius
768 4213 819 4246 non
868 4191 1381 4266 expliestleet.intermittentur.Quaedam
1439 4233 1440 4262 ἢ
