2950 4934
249 485 494 559 PHYSIOL.
520 486 774 558 stolcon.
801 488 899 557 LlB.
926 489 1003 556 lll.
1098 491 1163 575 641

91 629 260 707 litudineur,
287 629 480 713 protulisse.»
504 628 566 689 Etsi
587 630 682 712 primo
697 630 785 693 verba
803 630 948 691 Ciceronis
969 640 1116 692 mutuatur
1140 644 1171 692 ct

91 750 186 820 aptat,
202 736 299 798 sedin
313 718 432 797 alteram
455 747 484 797 et
503 733 662 797 Stoicorum
682 738 854 797 sententiam
869 737 996 819 prolata,
1013 751 1047 799 ut
1061 738 1166 803 dicam.

90 846 165 905 liam
178 858 258 905 sexta
278 846 336 924 jam
351 843 473 903 Zenonis
494 844 601 917 nostri,
618 843 649 902 in
665 842 823 903 Censorino
841 856 921 919 erat,
939 845 989 925 qui
1007 870 1021 897 c
1036 844 1096 905 solo
1111 846 1172 906 ada

91 952 228 1011 minimrlo
244 952 334 1034 ignis,
349 950 382 1011 id
397 962 451 1027 est,
469 949 524 1009 Dei
540 948 739 1031 providentia,
755 951 857 1033 gignit.
873 977 887 1003 s
904 950 955 1011 Pie
970 963 999 1013 et
1015 974 1083 1013 vera
1097 975 1171 1013 sen-

91 1060 192 1123 tentia.
209 1058 289 1119 Deus
311 1058 389 1118 solus
410 1069 509 1118 auctor
523 1055 643 1117 humani
657 1058 790 1139 generis,
807 1056 1005 1139 conditorque.
1023 1060 1123 1121 Cicero
1137 1074 1171 1121 ut

91 1166 204 1227 Stoicus
217 1165 252 1247 (1
265 1164 301 1225 de
313 1164 420 1249 Leg.)=
435 1192 450 1218 c
463 1164 527 1223 Hoc
548 1165 655 1225 animal
668 1164 820 1247 providum
833 1209 842 1241 ,
867 1186 975 1247 sagax,
998 1166 1169 1249 multiplex,

91 1296 180 1355 quern
193 1263 516 1345 vocamusllominem,
535 1271 668 1353 praeclara
682 1271 808 1353 quadam
825 1272 988 1333 conditione
1001 1286 1171 1355 generatum

93 1401 157 1440 esse
171 1403 189 1439 a
203 1400 314 1440 summo
334 1377 408 1438 Deo.
426 1405 440 1431 a
466 1376 505 1437 Et
528 1378 660 1438 crebrum
683 1380 713 1437 in
741 1378 860 1454 Stoicis,
887 1378 983 1439 Deum
1004 1392 1117 1462 patrem
1142 1393 1172 1441 et

93 1488 252 1570 genitorem
272 1498 403 1545 nostrum
426 1506 498 1545 esse.
521 1484 579 1545 Sed
601 1486 631 1545 in
652 1484 737 1545 modo
756 1496 853 1547 tamen
876 1484 1034 1571 gignendi,
1061 1487 1172 1569 aliquid

93 1591 307 1653 abeuntalibris
316 1591 421 1651 nostris
430 1589 534 1651 Sacris.
543 1590 777 1653 Namillivolunt
784 1590 873 1674 (apud
882 1592 1059 1667 Ciceronem,
1068 1592 1155 1676 ibid.)
1164 1610 1173 1653 ε’
1190 1572 1191 1580 ἵ

96 1727 112 1753 e
126 1698 274 1780 Perpetuis
286 1696 434 1771 cursibus,
448 1696 682 1757 conversionibus
693 1698 867 1783 celestibus,
882 1699 1009 1759 extitisse
1020 1698 1174 1783 quamdam

94 1804 288 1864 mamritatem
302 1800 417 1863 serendi
431 1804 545 1884 generis
558 1801 675 1863 humani
689 1826 698 1862 e
712 1802 790 1885 quod
802 1825 932 1885 sparsum
945 1804 974 1863 in
988 1816 1076 1865 terras
1089 1818 1176 1887 atque

95 1922 207 1986 satum,
220 1910 318 1970 divino
332 1922 447 1970 auctum
461 1909 497 1968 sit
512 1909 672 1969 animorum
683 1931 814 1969 muneret
826 1937 840 1962 n
855 1910 962 1970 Cursus
973 1911 1014 1971 illi
1025 1915 1173 1994 perpetui,

95 2017 240 2078 referendi
255 2017 292 2077 ad
308 2014 440 2098 periodos
456 2016 612 2075 exustionis
630 2028 658 2075 et
671 2014 863 2077 innovationis
878 2016 1030 2079 mundanae
1045 2042 1053 2078 ι
1067 2032 1174 2080 actum

95 2124 286 2208 mauodutem
301 2119 372 2203 (alii
388 2135 484 2182 tamen
498 2120 647 2181 muknbm
666 2119 787 2203 legunt)
808 2121 896 2183 fuisse
919 2126 1033 2205 generis
1053 2125 1172 2186 humani

96 2230 165 2289 novi
179 2229 303 2290 serendi.
322 2228 358 2289 ld
376 2238 471 2288 autem
490 2256 504 2281 α
516 2230 546 2287 in
559 2240 649 2290 terras
663 2248 795 2310 sparsum
807 2248 839 2288 ac
854 2242 946 2289 samm
957 2274 966 2305 ,
976 2257 991 2285 ι»
1008 2230 1040 2291 id
1063 2244 1126 2307 est,
1144 2232 1174 2294 in

96 2338 221 2399 Materia
239 2337 333 2419 ptime
357 2328 614 2418 comprehensum
637 2347 729 2417 eaque
742 2336 801 2414 jam
816 2339 952 2399 crassiore
968 2350 997 2399 et
1011 2341 1177 2401 animationi

97 2455 212 2525 parata,
223 2444 352 2506 suimnm
360 2444 397 2502 ab
406 2443 478 2525 lgne
486 2442 648 2517 advenisse,
658 2454 687 2502 et
694 2443 767 2502 Deo.
777 2441 897 2505 Ovidius
906 2441 934 2524 (1
943 2444 1095 2527 Metam.)s

267 2602 381 2653 Sanctius
391 2601 430 2651 bis
439 2601 547 2662 animal,
560 2601 698 2669 mentisque
711 2603 826 2671 capacius
839 2602 893 2653 altar

264 2692 353 2742 Deerat
364 2690 445 2742 adbuc
455 2729 463 2753 ,
475 2697 501 2741 et
510 2690 580 2759 quod
591 2690 713 2741 dominari
724 2692 750 2740 iu
761 2697 845 2741 cetera
855 2700 937 2760 possm
950 2710 956 2740 ι

263 2783 340 2832 Natus
349 2780 425 2833 bomo
437 2789 489 2843 est3
502 2782 552 2831 sire
562 2780 629 2832 bunc
641 2778 726 2830 divino
737 2782 829 2831 semine
842 2782 900 2833 lecit

265 2864 309 2922 ille
321 2870 406 2941 opifex
417 2890 515 2934 rerum,
527 2872 617 2924 mundi
628 2872 735 2924 melioris
747 2874 835 2940 origo,

262 2962 513 3025 Sirereomstellu's,
527 2961 676 3032 seductaque
688 2982 766 3033 nuper
779 2964 811 3015 ab
821 2964 872 3015 alto

264 3052 361 3105 AEtbm
370 3090 378 3116 ,
389 3053 488 3123 cognati
496 3053 617 3107 retiucbm
624 3053 717 3108 amine
726 3056 788 3107 cali.

100 3196 184 3256 Prior
203 3192 344 3253 sententia
371 3204 415 3252 est
437 3191 549 3267 Stoica,
578 3204 607 3253 et
630 3214 716 3274 supra
739 3194 855 3255 abunde
880 3196 1005 3257 diximus
1032 3196 1101 3281 (lib.
1126 3194 1174 3277 ll,

99 3304 179 3364 Diss.
193 3304 271 3387 vn),
286 3302 386 3387 Ignem
399 3300 480 3360 velut
491 3320 590 3359 semen
605 3320 666 3361 esse
676 3301 822 3372 omnium,
836 3304 905 3361 etin
917 3324 948 3363 se
960 3308 1106 3369 continere
1116 3312 1179 3369 sin-

99 3407 233 3494 gulorum
243 3415 367 3474 rationes
378 3407 541 3481 seminales,
553 3405 735 3467 Providentia
745 3406 894 3469 educente.
908 3408 1015 3472 Seneca
1025 3412 1096 3496 (Ep.
1110 3416 1177 3499 xc)=

102 3546 118 3573 e
130 3518 178 3580 td
192 3520 274 3579 initia
290 3517 506 3579 deinde‘rerum
520 3513 639 3595 Sapiens
653 3514 747 3590 redit,
764 3529 793 3577 et
808 3528 943 3579 eternam
959 3518 1113 3583 Rationem
1127 3528 1180 3585 toti

99 3625 219 3709 (idest,
231 3624 356 3706 Mundo)
366 3622 505 3695 inditam,
521 3634 550 3681 et
558 3622 617 3681 rim
626 3624 757 3683 omnium
768 3626 909 3687 seminum
920 3670 928 3700 ,
939 3629 1051 3711 singula
1062 3634 1179 3715 proprie

98 3736 303 3818 figmtem.»
317 3732 419 3790 Cicero
426 3730 532 3789 iterum
544 3727 582 3787 ad
591 3729 665 3788 banc
676 3729 835 3790 Stoicorum
845 3734 985 3795 rationem
998 3734 1178 3816 adspiciens,

101 3841 179 3902 etin
196 3840 282 3901 Cotta
298 3859 422 3921 persona
433 3836 566 3916 rejiciens
579 3833 615 3917 (I
629 3836 667 3896 de
680 3835 746 3896 Nat.
762 3830 885 3919 Deor.):
902 3866 915 3893 s
925 3838 1039 3901 Semina
1054 3843 1182 3907 Deorum
1241 3896 1244 3905 .

101 3946 245 4009 decidisse
258 3945 295 4006 de
308 3944 377 4005 calo
388 3955 522 4025 putamus
532 3944 563 4001 in
576 3954 683 4017 terras,
696 3954 726 4002 et
735 3944 776 4001 sic
789 3943 918 4005 homines
928 3959 1042 4027 patrum
1055 3948 1179 4031 (idest,

100 4052 248 4134 Deomm)
261 4051 369 4113 similes
383 4048 652 4111 extitisselVellem
673 4049 805 4111 diceretis
820 4051 968 4115 :Deorum
984 4059 1181 4138 cognationem

102 4144 289 4243 agnoscerem
312 4181 371 4219 non
397 4160 513 4218 invitus.
530 4185 544 4210 a
572 4157 680 4218 Ultima
703 4160 844 4220 sententia
867 4160 955 4244 Vulgi
969 4205 978 4236 ,
1005 4165 1054 4243 qui
1081 4180 1181 4247 sponte

104 4288 123 4329 c
142 4268 233 4329 Terra
249 4268 378 4327 extitisse
392 4266 523 4327 homines
537 4266 666 4338 censuit,
683 4278 715 4324 ut
727 4268 756 4325 in
773 4266 907 4339 Arcadia,
925 4282 1010 4349 atque
1030 4272 1108 4332 alibi.
1122 4274 1185 4333 Nc-

229 4378 289 4445 w.
887 4381 892 4391 ·
990 4379 1030 4467 41
