2950 4934
306 486 375 570 64²
680 485 826 555 susm
852 487 1012 571 mrsu

305 648 362 708 que
378 649 394 684 e
408 628 496 688 Tene
517 642 647 703 tantum,
665 630 716 689 sed
731 630 904 703 Arboribus,
921 643 971 689 aut
986 630 1135 713 Rupibus,
1151 632 1299 714 saxisque.
1319 632 1384 692 Ho-
1455 616 1456 647 r

302 758 398 797 merus
412 736 560 819 adspexit,
576 760 666 820 quum
681 739 824 820 Penelope
840 738 877 798 ud
890 738 1045 819 Ulyssem:

476 878 545 941 dliii
557 890 594 941 sori
608 892 637 951 ὅς
647 911 684 957 μοι
696 886 747 944 εἶκε
761 891 812 943 ribo
822 892 886 955 riser
900 892 1006 943 innodes
1016 892 1078 942 lori·

471 984 508 1034 ot
518 984 563 1051 γὰρ
573 985 623 1035 ἀπὶ
632 983 703 1051 δρνδς
715 984 765 1035 teet
779 986 941 1051 παλαιφάτου,
955 983 1006 1036 oisd’
1018 985 1067 1035 &ab
1078 985 1172 1052 nr'rpns·

468 1121 501 1167 st
508 1118 561 1181 jam
572 1126 601 1169 tu
610 1120 646 1169 mi
657 1119 732 1169 effere
745 1127 817 1169 tuum
828 1136 921 1187 genus,
935 1126 1008 1187 etque
1021 1126 1140 1187 parentes

469 1213 534 1260 Nem
547 1228 626 1279 neque
634 1208 736 1261 isticida
748 1228 841 1279 quercu
853 1217 918 1261 sutus
929 1228 971 1272 es,
984 1228 1063 1278 neque
1075 1226 1141 1261 ssxo.

303 1349 340 1409 Et
355 1352 500 1411 uberrime
514 1350 619 1411 Statius
634 1351 787 1432 exequitur
800 1348 868 1432 (lib.
887 1348 947 1432 IV)
959 1374 967 1409 ε

469 1504 574 1557 Arcades
584 1506 643 1556 huic
655 1514 764 1569 veteres,
779 1508 847 1557 astris
856 1507 963 1575 luneque
973 1508 1066 1575 priores
1076 1544 1084 1568 ,

468 1598 574 1664 Agmine
583 1594 635 1647 fids
646 1596 727 1659 datis;
741 1614 870 1648 nemorum
882 1614 944 1665 quos
955 1596 1029 1665 stirpe
1041 1598 1129 1663 rigenti

468 1690 542 1736 Fama
554 1693 632 1749 setos,
643 1704 722 1755 quum
732 1688 812 1755 prims
825 1686 918 1755 pedum
928 1688 1030 1754 vestigia
1043 1688 1114 1737 tellus

463 1774 589 1827 Admirsta
603 1778 674 1838 sulit,
688 1776 800 1827 nondum
810 1794 867 1827 arus
873 1814 881 1839 ,
891 1777 1045 1846 domoque,
1060 1796 1105 1829 nec
1116 1780 1189 1829 urbes
1200 1816 1208 1841 ,

463 1868 635 1937 connubiique
647 1867 736 1918 modus
747 1870 873 1932 :Quercus
883 1870 1003 1937 laurique
1015 1869 1124 1921 serebant

466 1958 549 2008 Cruda
559 1960 686 2028 puerperis
698 1995 705 2019 ,
721 1976 749 2008 se
761 1958 868 2029 populos
878 1960 993 2010 umbrosa
1004 1963 1095 2011 emerit

466 2049 598 2109 Fruinns,
610 2056 635 2099 ct
645 2048 704 2099 soets
715 2048 800 2099 viridis
809 2068 869 2118 puer
881 2049 973 2101 excidit
981 2068 1051 2102 orno.

301 2196 392 2258 Vides
411 2199 470 2275 jem
495 2198 582 2279 igitur
604 2199 744 2280 originem
769 2199 876 2271 uestri,
900 2198 1104 2278 proeliorum,
1123 2209 1377 2263 etnostrosensu.

302 2306 378 2365 Auo.
396 2303 509 2377 Video,
533 2303 643 2383 aliquid
661 2316 757 2365 umen
780 2305 904 2383 requiro.
929 2302 965 2361 ln
986 2304 1038 2361 ista
1056 2303 1167 2384 origine
1185 2304 1295 2379 Stoica,
1313 2310 1379 2388 quis

302 2411 373 2470 aluit
387 2408 525 2469 infantem
539 2422 657 2482 uatum,
673 2411 737 2490 quis
753 2408 904 2469 educavit?
918 2408 976 2467 Nec
991 2409 1067 2467 enim
1081 2408 1153 2469 alius
1166 2410 1270 2485 elium,
1285 2435 1379 2493 quum

301 2539 400 2577 omnes
421 2518 484 2598 opis
504 2516 632 2596 ejusdem
648 2516 739 2598 indigi
755 2529 858 2575 essent.
878 2514 957 2573 Lus.
976 2514 1119 2597 Negamus
1134 2517 1246 2597 eguisse
1268 2541 1276 2574 ε
1299 2520 1380 2577 male
1455 2574 1456 2581 ,

300 2624 355 2683 boc
369 2625 468 2683 sumis.
486 2624 654 2696 Rationem,
671 2623 732 2682 sive
748 2622 977 2695 Providentiam,
997 2644 1092 2681 nonne
1113 2623 1295 2683 architectum
1319 2626 1381 2685 de·
1455 2688 1456 2693 .

301 2728 418 2788 dimus?
440 2729 489 2788 illa
513 2730 596 2789 scivit
616 2728 775 2809 perfectum
793 2727 937 2789 bominem
955 2728 1135 2801 faciendum,
1154 2743 1203 2791 sut
1218 2729 1327 2791 smstrs
1342 2735 1378 2793 in'
1455 2806 1456 2823 ,

299 2834 416 2896 sactum.
434 2836 597 2896 Macrobius
610 2834 665 2895 boc
679 2858 747 2895 vere
761 2834 840 2916 (Vll
857 2835 976 2895 samm..
988 2858 1051 2917 cup.
1066 2834 1134 2918 ult.)
1147 2860 1156 2895 ε
1173 2864 1188 2891 α
1200 2838 1311 2899 Nature
1328 2840 1380 2921 (id

298 2957 358 3016 est,
374 2940 464 3024 Deus)
476 2943 600 3023 primum
611 2942 723 3023 singola
735 2942 868 3001 animalia
880 2940 1005 3021 perfecta
1019 2940 1150 3003 formavit
1161 2967 1170 3001 ε
1182 2942 1288 3007 deinde
1301 2968 1380 3026 per-
1455 3014 1456 3029 ,

297 3064 412 3133 petuam
427 3051 533 3133 Legem
547 3050 644 3122 dedit,
659 3062 691 3109 ut
703 3052 917 3109 continuaretur
927 3052 1122 3131 procreatione
1132 3054 1282 3111 successio.
1302 3054 1380 3113 Per·
1455 3032 1456 3059 r

295 3158 368 3218 secte
383 3170 478 3216 autem
492 3159 523 3217 in
538 3156 656 3216 exordio
672 3157 734 3215 fieri
749 3157 890 3237 potuisse,
909 3158 1069 3217 testimonio
1083 3172 1150 3217 sunt
1163 3180 1241 3217 nunc
1256 3180 1377 3242 quoque

296 3287 354 3324 non
370 3287 461 3345 pauca
475 3264 647 3337 animantia,
665 3284 728 3345 qun
749 3262 786 3321 de
807 3276 883 3323 terra
897 3275 927 3322 et
940 3262 1032 3322 imbre
1052 3260 1178 3345 perlecta
1192 3278 1373 3327 nascuntur:

294 3385 327 3431 ut
339 3373 369 3429 in
384 3371 508 3453 AEgypto
522 3391 629 3445 mures,
646 3383 675 3429 ct
689 3370 752 3428 aliis
767 3371 797 3428 in
812 3369 882 3428 locis
897 3391 983 3443 ranae,
999 3382 1215 3454 serpentesque.
1231 3398 1245 3423 n
1260 3370 1374 3433 Similia

295 3478 461 3537 Plutarchus
486 3476 538 3558 (11
560 3477 665 3551 Quaest.
691 3452 862 3549 Convivnl,
890 3497 953 3556 cap.
975 3473 1040 3557 ιι),
1062 3498 1079 3534 a
1103 3498 1160 3557 quo
1180 3475 1302 3537 Latinus
1320 3480 1373 3539 iste

291 3584 397 3645 bausit.
410 3584 525 3645 Frustra
540 3586 626 3666 igitur
640 3582 750 3657 Ovum,
767 3584 904 3657 Uterum,
923 3596 951 3643 et
965 3584 1031 3658 talis
1044 3596 1216 3663 prestruunt
1232 3608 1241 3642 ι
1256 3596 1287 3643 et
1300 3586 1372 3645 fides

289 3696 349 3773 jam
364 3694 447 3753 dictis
462 3716 479 3753 a
495 3694 593 3754 divino
611 3692 713 3773 Moyse
729 3694 814 3753 etiam
830 3704 907 3766 esto,
927 3693 977 3773 qui
998 3691 1153 3754 Hominem
1175 3707 1205 3754 et
1223 3695 1371 3755 Animalia

291 3800 333 3858 sic
349 3798 460 3860 format.
