2950 4934
330 455 392 523 158
612 451 654 518 L.
680 446 861 516 ANNAEI
883 446 1104 519 SENECAE

322 555 550 678 tleruydprrc
561 574 1000 684 [llerpwwttlsJitdvtb‚lu
1008 587 1177 668 monartio
1185 577 1399 654 aurdrourou

263 707 296 764 st
322 695 379 772 τὶν
391 694 566 796 ἀαιρδώε
579 697 705 790 quibus
719 717 792 763 non
806 692 927 764 dubito
944 694 1031 788 quid
1044 697 1091 765 sie
1107 721 1281 768 sensurus.
1299 696 1400 790 Quid

321 816 413 900 cuim
429 813 597 907 turpius¹,
616 835 720 905 quam
736 825 874 904 captare
895 813 933 878 in
955 813 1031 904 ipso
1049 812 1143 882 luctu
1162 815 1395 908 voluptatem,

321 933 390 999 imo
412 955 476 1024 per
495 930 642 1014 luctum3
659 943 694 996 et
713 927 806 994 inter
825 925 982 996 lacrimas
995 951 1152 1022 quoque,
1167 927 1261 1023 quod
1276 930 1394 1023 juvet,

317 1171 429 1251 Reperta
442 1175 546 1248 quidem
559 1175 586 1228 iu
597 1173 680 1226 mestis
691 1172 744 1226 sois
752 1168 832 1246 proli-
880 1178 968 1226 aeoles
980 1176 1003 1229 ὁ
1014 1176 1074 1242 apte
1084 1175 1128 1233 als
1136 1176 1258 1242 ἀδελφήν,
1270 1174 1288 1226 ἰ.
1295 1195 1318 1228 a
1328 1173 1397 1243 Epi·

316 1267 402 1308 tentor
414 1256 512 1308 Erasm.
522 1252 590 1326 Lips-
608 1264 633 1304 et
651 1251 725 1306 Grut.
737 1250 781 1303 sed
797 1250 831 1304 ita
880 1254 1010 1304 stolorum
1024 1253 1090 1304 libro
1100 1255 1201 1320 primo,
1217 1254 1257 1303 ad
1262 1250 1395 1304 Sororem.

317 1335 467 1407 depravata,
478 1346 507 1386 ut
516 1332 583 1385 nihil
594 1331 654 1384 inde
665 1331 779 1385 extricari
788 1351 833 1406 po·
878 1339 1058 1395 -Kosmeests
1072 1331 1215 1404 legitimum
1230 1343 1267 1383 est
1280 1350 1393 1403 gneum

317 1408 833 1482 tuerit.Gruterostamenpostremaverba
880 1411 1396 1480 verbumquodlatinocuptareetuucu·

318 1493 373 1546 lisec
386 1493 438 1544 lere
448 1489 525 1546 luisse
536 1489 589 1556 ait,
602 1489 693 1558 aspris
703 1489 779 1545 tout
790 1494 833 1552 ζη-
878 1494 942 1560 pari
955 1491 1058 1558 (inira)
1073 1490 1169 1544 Seneca
1182 1489 1309 1562 expressit.
1319 1487 1350 1541 S.
1361 1516 1395 1529 -

318 1577 364 1623 sals
375 1577 458 1621 τοῦτον
470 1571 528 1622 surb
538 1573 622 1620 τοῦτον
632 1569 672 1618 ebr
684 1565 772 1636 sarpis.
783 1565 834 1616 De·
881 1571 977 1622 Locum
985 1570 1054 1621 hune
1066 1589 1110 1642 pro
1120 1567 1277 1622 conclamato
1288 1566 1393 1618 habue-

319 1647 397 1717 nique
411 1646 439 1698 in
459 1647 499 1698 ed.
520 1645 605 1698 Gron.
619 1657 643 1696 et
657 1663 729 1714 seqq.
744 1643 834 1696 Graeca
881 1661 921 1702 rat
930 1648 1088 1719 Rulkuptius
1098 1687 1107 1714 ,
1118 1647 1162 1716 qui
1175 1646 1311 1700 lectionem
1324 1664 1397 1718 grt-

319 1723 833 1800 exbibebanturinbpncmodumscripta:
882 1745 938 1780 cam
952 1746 967 1779 a
983 1725 1064 1779 Gron.
1078 1725 1201 1796 prolatam
1218 1736 1317 1775 uentus
1334 1733 1395 1773 erat.

319 1805 439 1871 Μιχθιζσα
448 1803 523 1858 ἡδονὴ
537 1803 612 1868 ἀηδίᾳ
621 1804 655 1862 ele
664 1803 766 1869 ulpio-el
775 1837 782 1866 ,
795 1823 832 1852 ese
883 1803 995 1863 Omnes,
1007 1801 1104 1874 inquit,
1116 1805 1168 1854 lere
1178 1799 1255 1853 codd.
1264 1797 1305 1852 rel
1317 1797 1396 1850 lacu-

319 1886 359 1953 pls
375 1883 479 1947 ζητηπή
497 1883 555 1936 ssurle
575 1889 659 1937 τοῦτον
678 1883 718 1932 ebs
734 1880 834 1948 mpii,
882 1901 941 1932 narn
950 1881 976 1933 h.
985 1882 1017 1942 l.,
1030 1893 1058 1933 ut
1070 1881 1096 1932 in
1109 1879 1197 1953 geneis
1208 1876 1253 1942 fit,
1264 1876 1394 1938 habuere,

319 1979 396 2032 quam
423 1957 552 2012 inficetum
583 1959 732 2030 scripturam
764 1957 834 2010 uude
882 1956 1395 2032 reltamtorropteetobscurepeaeatite-

320 2039 443 2092 hausisset
455 2037 601 2090 Gronovius
621 2037 665 2089 diu
682 2033 832 2106 inquirens,
882 2054 941 2094 runt
952 2040 1028 2093 verba
1036 2060 1132 2113 grace,
1143 2052 1171 2091 ut
1180 2037 1228 2090 viri
1236 2035 1393 2098 doctissimi,

320 2117 423 2170 tandem
432 2135 460 2170 ex
468 2117 508 2168 ed.
518 2115 567 2168 Tb.
578 2117 618 2168 De
626 2116 706 2189 luges
713 2113 833 2186 cognovi,
882 2119 1001 2191 Sylburg.
1011 2119 1110 2172 Gruter.
1122 2117 1155 2170 al.
1166 2136 1192 2170 se
1204 2115 1265 2168 inde
1276 2113 1395 2187 expedire

320 2213 349 2246 es
361 2193 519 2266 Dalerampii
528 2193 633 2266 ingenio
648 2194 723 2246 luisse
734 2212 833 2264 procu·
882 2219 936 2251 nou
949 2211 1058 2270 possent.
1068 2195 1166 2251 Dubito
1177 2215 1211 2248 an
1221 2194 1319 2247 sincera
1330 2193 1394 2244 Me-

320 2291 382 2324 sam.
397 2273 451 2324 Nos
468 2284 580 2324 nostrum
595 2291 640 2323 ms.
653 2293 679 2322 a.
693 2271 771 2323 secuti
786 2290 834 2323 su·
881 2275 978 2328 trodori
992 2275 1068 2328 verba
1086 2287 1224 2326 teneamus·
1241 2272 1305 2340 Qun
1322 2269 1394 2320 euim

321 2367 395 2411 Μ’»
414 2347 458 2418 (tul
472 2367 501 2399 Μ
515 2347 568 2420 lP³³
584 2347 676 2409 Vtrbt·
689 2367 746 2418 11¹¹ae
758 2347 834 2400 exbi-
882 2374 912 2406 es
925 2355 955 2406 iis
967 2365 1156 2425 argumentetur
1169 2351 1266 2403 Seneca
1278 2359 1396 2419 ,cogunt

321 2427 438 2493 buimus,
461 2427 521 2482 satia
544 2428 673 2501 perspicue
698 2428 834 2501 perscripta
882 2453 929 2485 nos
942 2431 1082 2504 colligere,
1099 2442 1124 2481 et
1135 2430 1221 2482 luctus
1236 2439 1260 2480 et
1270 2425 1396 2478 lacrima-

321 2505 407 2569 dedit,
420 2505 704 2576 exceptisduobusliisrp
714 2508 832 2572 συγγενὴς,
881 2531 937 2562 rum
956 2508 1100 2562 meminisse
1117 2508 1145 2559 in
1163 2504 1194 2557 iis
1205 2504 1394 2560 Metrodorum.

320 2603 465 2654 qoae,qnnm
473 2583 685 2648 ibideessent,nos
693 2583 833 2635 erSeuecse
883 2589 999 2658 Quorum
1010 2600 1094 2639 tamen
1107 2587 1135 2640 iu
1145 2583 1219 2638 eodd.
1231 2602 1314 2653 neque
1323 2583 1393 2644 vola,

319 2663 405 2716 latinis
415 2661 594 2736 supplevimus.
608 2661 752 2714 Metrodori
759 2660 827 2730 Ept—
881 2687 964 2738 neque
977 2666 1121 2738 vestigium.

319 2744 426 2803 stolum,
434 2759 488 2809 qun
497 2758 611 2791 sororem
618 2742 832 2806 umissooptimoe
918 2765 938 2797 ι.
952 2745 1026 2816 Quid
1035 2747 1103 2796 enim
1113 2746 1220 2809 turpius.
1232 2738 1290 2791 Nisi
1300 2738 1392 2805 fallor,

319 2819 416 2870 indolis
415 2819 480 2887 filio
492 2819 638 2886 alloquitur
647 2853 654 2880 ,
663 2815 732 2868 haud
748 2815 830 2868 multo
884 2827 953 2889 (nam
967 2840 1046 2891 quum
1057 2820 1133 2872 verba
1144 2817 1285 2871 Metrodori
1292 2818 1393 2871 sincera

319 2909 378 2950 ante
399 2909 582 2948 memoraverat
603 2897 712 2958 Noster,
736 2909 831 2946 xcviii.
881 2921 934 2954 non
947 2900 1037 2953 habere
1049 2897 1255 2964 videamur,nec
1268 2909 1338 2950 certo
1348 2897 1394 2950 de-

320 2976 387 3029 lllud
396 2974 552 3028 dissimulare
560 2995 612 3027 non
623 2974 777 3040 debeo,mea
784 2974 833 3027 ali·
880 2975 955 3030 linire
972 2977 1120 3049 possumus)
1138 2975 1236 3028 Seneca
1257 2993 1312 3026 aon
1332 2976 1394 3027 satis

319 3069 442 3125 quatenus
451 3055 483 3108 de
493 3053 636 3128 conjectura
645 3056 738 3107 tectum
746 3093 753 3120 ,
762 3053 831 3125 qnod
880 3057 959 3129 justus
969 3055 995 3108 in
1006 3053 1183 3108 Metrodorum
1193 3051 1284 3116 luerit,
1295 3053 1393 3126 quippe

318 3147 375 3207 post
392 3135 498 3202 ἀδελφὴν
514 3146 601 3186 notam
622 3132 779 3187 numeralem
796 3133 829 3198 ei,
879 3129 1310 3206 quemnondirersamsententiam
1321 3130 1392 3182 abes

319 3210 459 3284 adscripsi,
471 3231 521 3282 qua
534 3212 719 3280 Epistularum
729 3212 770 3263 ad
776 3211 831 3263 So-
880 3211 1011 3284 protulisse
1021 3222 1107 3284 putem
1119 3246 1128 3273 ,
1142 3227 1219 3278 quana
1234 3220 1322 3258 noster
1333 3207 1348 3275 S
1361 3208 1393 3260 18

319 3309 402 3342 rorem
411 3291 582 3356 liberprimus
589 3285 829 3361 significantiarum
880 3289 932 3363 ipse
945 3289 1026 3342 attulit
1035 3309 1041 3342 ι
1051 3311 1065 3335 «ι
1074 3299 1101 3341 et
1109 3287 1175 3340 inest
1181 3285 1305 3356 quiddam
1315 3285 1393 3340 dulce

319 3378 405 3418 uotam
421 3366 525 3434 quidem
539 3367 652 3438 aliquam
672 3368 830 3421 numeralem
880 3367 1004 3421 tristitias»
1015 3405 1022 3432 ,
1033 3379 1079 3419 etc.
1091 3365 1143 3419 Sed
1151 3365 1191 3418 bat
1197 3376 1271 3417 aeetae
1278 3383 1393 3417 consue-

318 3463 333 3496 a
346 3445 443 3498 Seneca
453 3444 495 3496 bic
512 3445 635 3516 adjectam
649 3445 739 3508 luisse,
753 3445 830 3497 intel-
879 3441 1275 3502 rantsieinseinvicemiovelsi,
1285 3455 1394 3513 utqua-

319 3523 364 3600 tigi
376 3545 421 3598 par
434 3537 527 3578 crates
540 3525 653 3598 genitivo
668 3515 827 3589 sternatur,
879 3544 928 3596 que
937 3525 1068 3578 occasione
1075 3521 1132 3575 data
1143 3521 1320 3575 velleriaaima
1328 3521 1393 3575 abn-

317 3605 377 3657 coll.
395 3618 489 3668 xcvtt,
514 3603 558 3655 ubi
579 3602 710 3655 simillima
730 3602 829 3654 ratione
879 3615 998 3658 terantur.
1005 3605 1042 3656 lta
1051 3623 1104 3656 nna
1112 3603 1263 3667 ιῆςῆὃονῆς,
1274 3601 1393 3675 volupta-

317 3682 432 3734 seribitur
451 3682 634 3750 Epistularum
654 3683 694 3732 ad
710 3683 829 3734 Atticum
878 3684 1009 3758 tia(propr.
1020 3682 1156 3748 felicitatis)
1166 3682 1262 3734 mentio
1272 3683 1391 3735 eamdem

316 3759 516 3829 lib.1.Quinam
529 3772 613 3813 antem
625 3759 712 3812 luisset
723 3759 769 3812 ille
777 3781 827 3812 nu·
878 3764 941 3816 iram
947 3762 1071 3816 concitare
1082 3761 1174 3816 Stoicis
1181 3761 1271 3834 rigidis
1279 3761 1390 3823 solebat,

317 3857 418 3904 merus,
430 3839 566 3891 hariolatus
577 3859 645 3892 eram
658 3859 687 3891 er
699 3859 728 3892 eo
739 3880 747 3907 ,
759 3837 827 3908 quod
877 3863 953 3913 quam
964 3856 989 3895 et
998 3856 1083 3894 nostra
1094 3839 1217 3894 memoria
1227 3840 1358 3893 felicitatis
1370 3861 1392 3893 s.

317 3935 362 3987 pro
372 3924 546 3972 animosiori
561 3918 587 3970 in
601 3919 657 3970 coel.
668 3931 755 3971 nostro
764 3927 829 3973 Etn-
876 3918 1077 3972 Eodaemoniami
1088 3957 1096 3983 ,
1107 3936 1182 3989 qoem
1195 3931 1306 3981 vocant,
1317 3937 1391 3969 rnen-

317 4001 458 4047 arosaou
474 3995 605 4059 scribitur,
627 3997 670 4050 ubi
686 3997 796 4050 litteram
811 4021 828 4050 a
876 3998 973 4048 tionem
991 3996 1119 4049 interdurn
1138 3995 1205 4066 justo
1223 3994 1391 4065 rigidioribus

316 4066 400 4123 alieno
419 4072 477 4124 loeo
490 4073 648 4126 intersertam
665 4075 828 4146 conjectave-
879 4075 980 4142 Critieae
992 4073 1158 4147 philosophie
1171 4072 1271 4124 asseclis
1283 4073 1390 4126 iisdem-

315 4167 378 4202 ram.
389 4149 455 4217 Sed,
465 4164 563 4224 sumpto
572 4153 621 4205 hoc
632 4153 701 4224 ipso,
711 4149 827 4226 intelligo
876 4173 926 4224 que
935 4153 1033 4206 virtutis
1041 4150 1271 4226 propugnatoribus
1280 4152 1391 4206 lortissi·

314 4227 350 4281 sic
360 4229 465 4300 potiusa
478 4249 519 4281 me
533 4230 608 4283 scribi
621 4230 751 4294 debuisse,
766 4222 828 4284 ltm-
876 4230 925 4285 anis
935 4231 1041 4286 excitare
1053 4230 1167 4284 memini.
1180 4229 1271 4283 liubit.
1314 4294 1319 4300 x
