2950 4934
301 477 368 566 49⁸
668 470 823 541 Jusrr
848 469 1009 541 mrsu

299 617 439 680 Miuutins
460 615 541 678 Felix
559 617 684 699 slegnuti
706 616 758 676 illo
781 617 901 699 Ilislugo
925 620 1126 701 transscripsit.
1144 618 1195 681 En
1211 621 1301 705 igilur
1316 623 1373 684 lm

299 727 417 796 munim
434 739 464 785 et
482 726 524 785 sie
541 724 705 808 Virgilius:

462 881 567 950 Spiritus
576 882 642 930 iulus
650 879 710 941 elil,
723 886 850 950 lorumque
862 879 940 932 inlusa
949 899 993 950 per
1002 889 1068 932 urtus

463 973 530 1021 lleus
538 970 725 1039 sgilutmolem.

298 1115 336 1176 Et
356 1117 456 1175 Cicero
465 1112 572 1197 (lead.
586 1114 634 1188 ll,
646 1113 665 1194 S
678 1135 690 1173 r
700 1135 736 1198 ¹9
746 1113 759 1196 )
770 1136 780 1173 r
794 1141 808 1168 ι
818 1113 961 1176 Mundum
972 1136 1033 1176 esse
1043 1114 1216 1198 Sapientem,
1228 1132 1256 1178 et
1266 1117 1370 1178 lubere

297 1234 443 1298 mentem,
459 1243 522 1304 qnae
534 1235 621 1296 etse,
634 1235 664 1282 et
672 1223 767 1302 ipsum
778 1218 912 1282 fabricatu
925 1224 960 1282 sil
974 1235 1003 1284 et
1012 1225 1108 1284 omniu
1118 1225 1299 1299 moderetur,
1312 1248 1371 1285 mo-

294 1342 377 1404 vent,
394 1341 484 1412 reget.
502 1355 516 1382 u
534 1328 693 1398 Mundum,
711 1330 821 1411 iuquit,
829 1327 984 1410 sabn'eata
1002 1341 1046 1391 est
1063 1353 1073 1390 .·
1088 1335 1209 1406 seimus,
1226 1333 1282 1392 sed
1297 1333 1369 1414 quod

293 1439 391 1520 praeit,
408 1447 439 1498 et
457 1433 679 1516 resoluendum
703 1457 786 1512 esse,
806 1458 864 1521 quo
885 1457 972 1498 sensu
986 1445 1087 1498 verule
1105 1438 1180 1508 eriri
1196 1439 1272 1500 Num
1289 1439 1370 1498 Mens
1453 1455 1454 1470 ¹

293 1545 410 1626 quidem
426 1543 476 1602 illu
490 1554 595 1602 eterne
609 1564 618 1601 ε
630 1544 685 1602 nisi
699 1543 790 1617 velit,
808 1543 839 1602 in
856 1544 1005 1604 exustione
1016 1542 1139 1619 Mundi,
1155 1543 1227 1605 hunc
1237 1545 1366 1606 Menum
1453 1589 1454 1630 ,

295 1649 442 1710 confusum
456 1672 520 1709 cum
528 1649 650 1710 Meterie
663 1649 761 1710 sedem
775 1663 804 1710 et
814 1649 995 1732 splendorem
1006 1651 1134 1711 noudum
1144 1650 1369 1722 hahemfahn-
1453 1685 1454 1756 p

294 1779 360 1818 eure
374 1777 408 1815 ee
416 1756 471 1815 sibi
488 1768 517 1815 et
528 1755 681 1836 disponere
694 1758 726 1816 in
741 1755 856 1816 conditu
868 1757 927 1835 jum
935 1755 1059 1822 mundo.
1072 1756 1129 1818 Sed
1140 1759 1301 1839 simplicius
1314 1759 1369 1820 l'or-
1453 1765 1454 1858 ζ

291 1878 367 1926 tasse
381 1864 467 1925 scribi
479 1888 487 1923 ε
498 1881 560 1945 qua
570 1864 699 1944 elr'pwn
707 1860 873 1944 fabricatu.
892 1863 930 1922 lt
945 1862 991 1923 his
1006 1865 1092 1926 etiem
1106 1866 1270 1926 numinibus
1279 1865 1369 1926 Julius
1453 1859 1454 1890 ¹

293 1971 433 2031 Firminus
445 2015 454 2044 ,
462 1970 652 2049 juratissimus
665 1968 795 2044 stoicus,
813 1970 908 2030 Deum
924 1967 1139 2054 describitssib.
1154 1971 1185 2046 l,
1197 1970 1347 2052 Mallius.)
1359 1996 1367 2030 ε
1453 2025 1454 2034 ,

296 2106 310 2133 ι
327 2077 412 2138 Mens
427 2079 476 2138 ille
492 2077 607 2150 divina,
625 2076 804 2158 Animusque
823 2076 941 2136 celestis
956 2099 1108 2158 peremne
1123 2078 1222 2140 muudi
1240 2101 1366 2162 eorpus,

291 2185 323 2244 iu
339 2183 458 2243 modum
479 2183 578 2244 circuli
599 2183 769 2256 collocutus,
786 2194 816 2242 et
835 2203 912 2242 nune
928 2183 1099 2246 intrinsecus
1119 2185 1248 2266 posius,
1267 2199 1367 2246 cuncte

292 2289 366 2372 regit
385 2300 471 2370 atque
486 2288 632 2370 componit
647 2310 656 2346 r
675 2300 703 2347 et
722 2287 839 2368 propriu
856 2287 975 2370 originis
988 2290 1173 2371 generatione
1191 2306 1366 2372 conceptus,

291 2417 323 2455 se
341 2394 378 2455 nd
398 2391 521 2454 creanda
536 2404 566 2454 et
583 2391 778 2478 conservnudu
800 2393 915 2468 omniu,
935 2394 1024 2477 iguim
1039 2406 1068 2454 et
1086 2397 1258 2478 sempiterne
1278 2398 1368 2479 agita-

291 2504 370 2563 tione
385 2513 547 2583 perpetuet.
566 2526 580 2553 ¹·
594 2500 664 2576 Quae
680 2498 767 2559 verba
782 2499 867 2565 rebus
890 2500 958 2560 loelu
972 2513 1001 2563 et
1013 2501 1150 2586 gravida,
1167 2503 1326 2583 aperienda
1341 2517 1367 2563 et

293 2607 442 2670 educenda
462 2607 565 2667 leviter
582 2607 613 2666 in
628 2606 723 2666 lucem
742 2617 819 2665 sunt.
837 2604 873 2666 ln
890 2605 1004 2698 rnodrem
1024 2607 1124 2669 cuculi
1137 2607 1255 2668 collocet
1274 2633 1284 2666 ε
1301 2611 1367 2692 quia

291 2719 322 2776 iu
332 2715 448 2776 AEuere
459 2715 620 2796 Principale
633 2712 688 2785 lion
701 2710 789 2802 (mpx
805 2710 979 2802 dicendum)
998 2725 1118 2794 ponunt.
1137 2713 1242 2789 Addit,
1264 2718 1368 2776 ὑῶν·

290 2845 371 2886 secus
386 2834 416 2884 et
428 2822 603 2884 cunensem
619 2841 707 2909 esse,
722 2820 754 2882 id
769 2833 830 2893 est,
848 2820 878 2882 in
894 2819 1024 2896 Mundo,
1044 2833 1074 2881 et
1093 2834 1175 2882 extre
1190 2843 1256 2882 eum
1270 2823 1303 2882 in
1314 2823 1369 2882 Vn-

293 2954 347 2992 cuo
363 2930 430 2992 ferri
449 2955 458 2990 r
478 2943 565 3012 atque
580 2940 614 2990 ut
625 2926 735 2991 Seneca
750 2927 877 3008 loquitur
891 2926 924 3010 (1
945 2928 1045 2988 Natur.
1065 2929 1170 3004 Quaest.
1187 2931 1219 2992 in
1236 2929 1369 3010 Prrelrl.)

296 3068 310 3094 ι
323 3039 403 3122 Opus
413 3013 497 3099 suum
511 3037 585 3096 intre
596 3047 626 3095 et
640 3046 722 3094 extre
734 3045 843 3094 tenere.
861 3058 875 3086 s
887 3033 1000 3094 Deinde
1010 3077 1019 3108 ,
1028 3036 1145 3115 propria
1157 3038 1272 3116 onffinr's
1281 3061 1369 3116 guse-

291 3146 399 3208 rutr'nne
415 3153 595 3223 conceptum:
606 3138 685 3224 quod
700 3159 770 3199 sune
785 3139 834 3198 illa
850 3139 937 3201 Tullii
955 3139 1094 3214 affirmet,
1112 3154 1161 3202 aut
1178 3144 1321 3224 explieat,
1342 3157 1369 3204 el

292 3253 352 3332 jam
365 3250 407 3311 nil
420 3261 573 3311 mutemus.
589 3246 634 3306 ltu
648 3246 726 3306 euim
741 3257 770 3306 et
782 3244 890 3311 Seuere
906 3246 936 3306 iu
958 3245 1072 3328 Frugm.
1092 3267 1147 3306 ιιι.
1165 3248 1325 3330 Conceptus
1341 3263 1370 3310 el

294 3357 425 3439 genitus,
436 3354 488 3414 sed
497 3377 514 3414 n
524 3375 557 3414 se
567 3352 624 3412 diei
638 3364 732 3434 petest
742 3375 751 3410 r
763 3352 872 3434 quirin
888 3350 983 3425 Chao,
995 3352 1113 3427 utdixi,
1126 3341 1215 3434 quum
1226 3356 1257 3414 iu
1269 3356 1369 3439 Ignem

293 3464 391 3523 omnia
406 3483 509 3536 verse,
525 3463 628 3544 etipse
645 3459 751 3522 deiude
769 3459 847 3544 Ignis
863 3461 892 3520 in
903 3460 1015 3542 Aqrrum
1025 3458 1135 3544 (inlrn,
1147 3461 1199 3522 lib.
1215 3462 1245 3522 ll
1256 3507 1265 3537 ,
1276 3465 1371 3546 expli-

294 3564 406 3647 enndu)
414 3587 486 3648 opus
499 3564 586 3626 hebet
598 3585 662 3624 sess
675 3563 815 3638 educere,
826 3576 855 3624 et
867 3564 982 3646 puritati
994 3564 1118 3644 pristine
1128 3587 1273 3644 asserere,
1286 3583 1370 3652 utque

293 3674 334 3738 ita
344 3672 469 3756 quodum
482 3693 587 3746 sensu,
602 3690 750 3753 generare.
763 3668 821 3729 Sed
836 3671 908 3730 utin
922 3691 954 3730 re
963 3690 1099 3752 pergam,
1115 3669 1159 3730 his
1170 3673 1241 3754 ipsis
1252 3676 1371 3734 vocibus

295 3778 402 3840 Seuere
416 3778 519 3854 efficit,
539 3789 568 3836 et
583 3776 683 3841 Juvem
698 3776 825 3856 appellnt
841 3802 856 3831 οι
871 3777 1005 3836 Animum
1025 3775 1211 3858 suspiritum
1230 3781 1369 3840 mundani

262 3948 265 3955 ‚
295 3883 379 3964 hujus
388 3885 500 3966 operis,
514 3910 529 3936 n
547 3895 577 3942 et
588 3903 677 3964 quere
693 3884 789 3942 omnia
800 3883 871 3944 iste?
888 3884 955 3966 quin
967 3885 1008 3944 ire
1020 3884 1154 3944 volebant
1170 3899 1199 3945 el
1208 3909 1371 3950 commeare

294 4012 347 4072 per
357 3991 569 4074 omnia,‚etque
579 4003 612 4050 ut
621 3990 716 4049 verbis
727 3987 841 4050 illorum
853 3989 945 4050 dicum
956 3990 1005 4076 (in
1016 3989 1145 4072 Laenio)
1156 4015 1164 4051 ε
1179 4021 1192 4046 u
1208 4015 1263 4076 per
1274 3998 1370 4056 omnia

294 4096 399 4157 Mundi
413 4097 542 4157 membru
557 4096 685 4157 Mentem
702 4098 864 4177 pertinere,
889 4110 919 4156 ul
941 4099 971 4158 in
987 4097 1069 4158 nubis
1091 4098 1164 4160 hunc
1186 4103 1332 4164 Animam.
1353 4131 1368 4156 ι·

293 4202 386 4276 Non,
407 4215 492 4272 ηοω
513 4203 668 4284 estmagni
689 4200 773 4282 hujus
794 4203 898 4264 Mundi
918 4226 969 4266 suu
991 4205 1120 4288 quaedum
1142 4210 1269 4284 Anima,
1286 4223 1317 4271 ut
1337 4212 1368 4269 in
