2950 4934
405 426 669 497 EPISTOLA
693 426 888 495 CXXIII.
1122 432 1188 498 355

105 562 219 647 ditur3
241 562 278 629 in
293 582 414 652 aspera
433 573 468 625 et
487 554 594 625 dura¹
615 534 833 625 subeundum
853 572 905 625 est
927 582 937 624 ε
958 556 1017 626 hic
1034 558 1191 651 impella-

105 706 179 752 mus
194 701 362 772 oorpora‚
382 676 454 746 illic
472 674 707 745 relraenemus.

154 800 230 865 Hoc
244 818 338 863 nunc
355 816 408 863 me
421 793 592 861 existimas
606 790 744 873 dicere,
762 814 821 860 eos
835 807 965 860 tantum
979 795 1190 886 perniciosos

106 938 180 983 esse
195 911 340 981 auribus
355 912 502 995 nostris,
525 910 586 1001 qui
607 908 814 1002 voluptatem
835 908 995 997 laudnn13
1015 912 1075 1003 qui
1095 908 1191 980 dolo-

105 1034 200 1114 res²‚
228 1044 361 1113 metus,
382 1051 445 1120 prr
461 1051 497 1096 se
514 1024 748 1095 formidabiles
774 1050 829 1094 res
845 1025 955 1118 [sive,
981 1029 1041 1121 qui
1062 1026 1191 1097 doloris

105 1158 248 1225 motum,
261 1164 325 1235 per
334 1165 370 1210 ss
383 1139 609 1210 formidabilis
618 1139 687 1231 rei]
701 1190 709 1221 ‚
725 1142 900 1209 incutiunt
909 1143 924 1210 i
933 1132 1037 1209 Illos³
1052 1165 1191 1235 quoque

105 1283 232 1329 nocere
253 1259 352 1329 nobis
373 1260 548 1356 eristimo,
575 1258 635 1350 qui
656 1282 717 1327 nos
737 1257 802 1327 sub
823 1260 936 1353 specie
952 1260 1074 1330 Stoicae
1090 1277 1191 1328 sectae

105 1375 290 1444 hortantur
305 1375 350 1444 ad
362 1377 457 1444 vitia.
474 1378 548 1443 lloo
561 1376 652 1443 enim
664 1375 796 1467 jactant
814 1402 821 1442 ι
842 1376 988 1447 «Solum
997 1378 1190 1470 Sapientem

105 1508 142 1561 et
161 1486 323 1561 doctum⁴
348 1516 422 1561 esse
439 1508 638 1595 amatorem.
657 1492 756 1561 Solus
774 1510 873 1585 aptus
886 1495 930 1563 ad
947 1493 1037 1562 hanc
1053 1510 1161 1561 artem
1178 1546 1187 1578 ,

104 1632 203 1701 aeque
225 1600 466 1677 combibendi⁵
490 1624 524 1676 et
543 1606 772 1690 convivandi,
795 1611 937 1703 Sapiens
958 1613 1212 1704 est-peritissi-'

105 1750 193 1795 mus,
211 1726 436 1819 Quaeramus,
453 1722 612 1819 adquam
627 1748 736 1817 usque
751 1740 882 1794 aetatem
893 1726 1039 1819 juvenes
1054 1728 1191 1797 amandi

105 1846 188 1914 sint.
209 1870 227 1907 s
242 1880 293 1895 -·
311 1845 392 1910 Haec
411 1844 540 1910 Graecae
559 1838 827 1909 consuetudini⁶
845 1841 921 1910 data
948 1844 1042 1929 sint3
1062 1868 1125 1912 nos
1147 1846 1191 1913 ad

105 1958 165 2028 illa
186 1960 300 2055 potius
318 1981 418 2026 aures
445 1956 633 2049 dirigamus
655 1983 664 2024 ι
688 1986 705 2023 u
726 1961 858 2026 Nemo⁷
882 1976 933 2027 est
951 1984 1032 2029 casu
1055 1960 1188 2047 bonus3

103 2076 271 2147 discenda
286 2078 396 2143 virtus
418 2090 480 2143 est.
501 2075 664 2168 Voluptas
678 2068 819 2143 humilis
843 2100 898 2145 res
923 2093 958 2144 et
977 2078 1187 2172 pusillam,

104 2211 138 2263 et
158 2197 196 2263 in
214 2192 309 2262 nullo
336 2190 495 2259 habenda
515 2193 626 2284 prelio
639 2184 665 2274 ⁸,
689 2193 876 2276 communis
893 2218 971 2263 cum
995 2198 1097 2265 mulis
1114 2200 1192 2265 ani-

103 2310 274 2393 malibus,
303 2309 467 2402 adquam
487 2309 629 2377 minima
650 2325 684 2376 et
707 2313 995 2403 contemptissima
1014 2312 1186 2383 advolant.

103 2426 225 2496 Gloria
241 2451 366 2495 vanum
385 2442 419 2495 et
440 2418 616 2525 rolulr'ils⁹
631 2425 794 2519 quiddam
815 2444 882 2511 ost,
902 2444 1055 2522 auraque
1077 2430 1192 2499 mobi-

101 2690 122 2741 si
133 2688 162 2741 in
173 2686 331 2762 voloplatern
342 2685 498 2739 descendens
507 2698 532 2737 te
543 2686 625 2759 impu·
673 2698 746 2741 natos
760 2686 860 2742 Stoicos
872 2708 879 2742 ε
892 2708 955 2760 qnos
972 2701 1090 2763 ut'rosque
1103 2693 1191 2747 Incia·

101 2766 181 2832 lerIs,
195 2778 241 2817 elo.
253 2766 350 2817 Moneo
361 2764 424 2828 hoc,
436 2784 469 2817 ne
480 2784 538 2816 cum
551 2765 625 2817 Gro-
673 2787 735 2819 num
744 2780 794 2818 tarn
803 2769 891 2820 acerbe
899 2770 1035 2843 exagitasse
1044 2784 1148 2824 constat.
1154 2775 1191 2826 R.

102 2845 184 2898 novio
199 2844 285 2897 locum
305 2856 376 2916 pules
395 2856 559 2917 corruptum,
579 2843 624 2915 qul
705 2844 730 2909 4.
743 2839 894 2914 Sapientem
905 2858 930 2901 el
941 2851 1052 2901 doctum.
1071 2848 1115 2901 Sic
1134 2851 1191 2903 dis-

101 2936 140 2977 eat
152 2941 238 2975 sanus.
251 2920 340 2974 nula.
671 2922 752 2988 tinxi,
770 2935 793 2975 el
805 2924 879 2997 jungi
897 2924 942 2976 in·
960 2924 1011 2977 duo
1022 2924 1101 2977 velim
1112 2943 1118 2977 :
1129 2945 1190 2979 nam

139 3022 161 3053 r.
175 3001 213 3053 In
226 3020 324 3069 aspero
341 3010 367 3054 et
383 3000 459 3052 duro.
477 2998 520 3052 Sic
538 3019 584 3051 ms.
602 3020 623 3053 r.
672 3003 763 3055 doctus
780 3003 859 3055 stoica
877 3002 968 3074 lingua
984 3016 1021 3056 est
1033 3004 1147 3076 sapiens,
1161 3020 1191 3059 ot

100 3076 160 3133 Pal.
172 3096 205 3145 a,
218 3078 233 3130 3
245 3092 270 3130 et
281 3078 353 3131 Pint.
365 3079 501 3151 Perperam
511 3083 538 3131 r'n
548 3098 623 3147 ‹rspe-
671 3082 764 3134 monui
775 3081 926 3135 manuduct„
936 3084 972 3145 11,
985 3082 1091 3136 Disserl.
1104 3084 1124 3137 l.
1135 3086 1191 3139 Ne·

99 3162 323 3224 meldorum.
337 3160 371 3213 Η.
385 3159 571 3211 ommam
582 3178 622 3213 res
671 3178 721 3230 qne
747 3160 818 3212 enim
843 3161 938 3224 audio,
963 3160 1008 3232 qui
1029 3164 1133 3215 doctum
1157 3165 1189 3216 acl

99 3258 215 3310 asperos
226 3250 253 3292 et
262 3241 346 3291 duros
357 3237 435 3310 vulgo
447 3236 504 3291 edd.
517 3236 600 3292 Sem.
671 3250 819 3293 amatorem
830 3242 959 3305 referunt,
978 3254 1005 3294 et
1020 3240 1190 3315 conjungunt.

137 3340 161 3371 2.
170 3316 230 3389 Qui
239 3320 353 3380 dolores,
367 3326 468 3377 melus,
480 3336 528 3384 per
536 3315 625 3386 resor-
672 3315 749 3387 Lips.

100 3398 251 3449 mldobiles
264 3416 312 3449 trs.
324 3394 367 3449 Sic
386 3416 412 3447 o.
427 3414 449 3449 c.
467 3396 502 3449 R.
513 3397 549 3447 A.
559 3408 583 3448 el
592 3396 624 3448 al.
707 3396 730 3447 5.
748 3392 863 3461 Eque,
882 3408 930 3448 eto.
949 3392 1096 3469 Schweigln.
1116 3414 1189 3466 mque

100 3475 191 3529 Altera
202 3476 339 3547 arripiant,
350 3494 426 3546 quam
437 3474 509 3527 uncis
519 3473 624 3540 inclusi,
676 3466 779 3543 [alque]
789 3474 968 3539 combibendi,
981 3473 1093 3526 mediam
1107 3474 1190 3548 parti·

100 3555 209 3630 vulgata
220 3568 273 3609 erat
286 3576 301 3607 ι
312 3554 380 3607 Mur.
393 3574 423 3607 ex
434 3554 552 3607 Pinoioni
562 3572 628 3607 con·
676 3552 760 3605 culam
770 3574 799 3606 ex
806 3553 962 3625 conjecimus
967 3553 1099 3628 adjiciens.
1104 3554 1189 3609 Ruhh.

101 3638 159 3705 joel.
177 3632 300 3687 Schm-
310 3632 366 3703 Qui
382 3632 482 3686 dolom
496 3668 504 3694 ‚
523 3641 623 3695 melus,
675 3634 747 3686 solus
757 3642 820 3698 apte
830 3634 871 3686 od
880 3633 906 3686 lo.
917 3654 944 3687 o.
959 3652 1033 3702 oeqne
1043 3635 1126 3687 comb.

98 3731 152 3777 per
168 3731 198 3763 re
204 3710 392 3783 somrr‘dabe'les
414 3728 471 3776 res,
491 3713 625 3765 incutiunt.
706 3710 731 3764 ὃ.
743 3709 812 3765 Hoec
823 3731 916 3780 ματα
932 3715 1119 3772 consumma.
1135 3714 1190 3765 Ju-

101 3790 246 3859 Episnreos
257 3787 332 3852 dicit,
347 3787 392 3859 qul
405 3787 511 3855 docent,
524 3788 624 3841 dolores
673 3810 751 3845 venes
765 3791 877 3844 amandi.
890 3793 942 3845 Res
955 3804 1025 3844 nola¹
1035 3792 1128 3844 Rrsblr.

100 3880 236 3937 metusque
245 3885 290 3939 per
296 3886 322 3919 se
332 3885 384 3919 esse
392 3867 566 3921 formidabiles
573 3888 622 3935 res,
706 3891 730 3940 7.
741 3870 826 3923 Neam
835 3880 882 3923 est.
894 3870 934 3922 cf.
947 3870 987 3922 ad.
997 3870 1077 3943 Epist
1085 3884 1153 3935 cxx,
1165 3870 1189 3922 3.

99 3968 167 4019 quas
184 3945 268 3999 Stoici
287 3946 393 3999 externis
413 3946 623 3999 annumerabant.
705 3948 729 4000 8.
743 3950 779 4001 In
791 3952 865 4002 nullo
879 3948 1001 4001 habendo
1015 3952 1104 4016 pretio.
1122 3948 1190 4002 Per·-

98 4025 195 4080 null.
672 4026 902 4101 peram‚elinvilis
912 4038 972 4078 vett.
981 4026 1053 4079 libris
1061 4025 1189 4092 omnibus,

135 4104 161 4157 3.
175 4106 273 4160 Illos...
284 4108 361 4158 vilio.
371 4104 440 4158 Ilius
450 4104 521 4158 rides
529 4143 536 4171 ,
550 4104 625 4159 exsti·
672 4108 701 4158 in
709 4109 797 4158 medio
805 4106 865 4158 hah.
870 4114 937 4174 pret.
945 4104 985 4157 sd.
995 4104 1062 4175 Lips.
1072 4102 1193 4175 elsqq.S,

98 4184 161 4239 tlsse
177 4196 207 4239 nt
225 4184 303 4239 falsos
319 4184 473 4259 Epicureos,
485 4184 520 4237 ἱιι
534 4184 625 4257 perso·
707 4202 731 4256 9·
747 4183 879 4247 Volubile,
892 4200 913 4235 c.
926 4185 961 4236 A.
975 4182 1030 4235 Pal.
1042 4204 1056 4236 a
1066 4223 1073 4249 ,
1084 4182 1108 4238 3.
1119 4184 1193 4235 l’iuc¹
