2950 4934
228 416 475 490 rnrsron.
500 415 751 492 sroroon.
777 418 877 489 nrn.
901 419 956 489 11.
1059 423 1127 519 sc,

58 565 169 646 ceptio,
193 576 227 623 nt
249 561 327 646 quod
340 563 538 644 incorporeum
561 561 599 622 eit
621 574 649 621 et
670 561 814 638 intactile,
837 561 915 644 qnod
934 564 992 625 nec'
1007 564 1129 648 figuram

58 669 178 743 habent,
190 690 285 751 neque
294 669 445 751 figuratum
456 669 511 742 eit,
523 667 603 750 quod
616 687 714 750 neque
727 670 854 750 potiamr
863 691 957 752 neque
968 684 1032 754 aget
1042 714 1051 746 ‚
1063 685 1129 734 ton·

57 785 117 833 tum
131 795 235 856 corpus
250 776 396 856 suscipere
409 787 508 856 aptum
522 776 570 834 eit.
591 799 606 828 ιι
624 775 720 855 ,Atque
738 774 817 835 idem
833 775 882 836 ille
895 777 926 836 in
941 774 1061 858 Cycleitie
1070 781 1129 840 suis

59 877 208 952 Theorirlc,
229 879 360 964 pluribus
375 880 477 955 docet,
491 901 593 942 revera
608 880 666 941 tale
679 893 761 943 extra
775 879 918 944 Mundum
938 903 1000 944 esse
1016 907 1024 944 ι
1043 898 1129 968 etque

56 985 87 1045 id
97 985 253 1047 inlinitum.

389 1141 694 1205 DlSSEllTATIO
708 1144 788 1206 vll.

56 1279 1127 1372 Drsnffianadi.Cbua1mdet‚eaaquTempnm=eoeqneonapta

507 1394 670 1475 aptatam,

93 1570 150 1630 Snn
174 1571 291 1631 nomina
311 1571 415 1633 Mundi
438 1572 562 1634 vidimus
586 1595 689 1633 :nune
709 1575 826 1654 ipsum;
844 1585 873 1634 et
891 1573 963 1658 quid
981 1586 1024 1634 ent
1042 1576 1125 1636 tertia

56 1676 259 1758 significatione
280 1676 431 1738 ldnndusl
456 1677 634 1760 Chrysippus
655 1676 753 1760 (apud
777 1676 939 1761 Stobaeum)
962 1679 1092 1740 delinivit
1115 1703 1123 1738 ε

55 1809 70 1834 ιι
84 1781 227 1843 Mundum
243 1805 306 1844 eoae
321 1805 488 1868 compagem
506 1786 601 1845 ecaelo
614 1798 642 1844 et
653 1795 749 1859 terra,
765 1797 793 1844 et
805 1786 914 1844 naturis
925 1807 987 1867 quae
1000 1785 1045 1844 his
1058 1808 1125 1848 con·

54 1889 188 1949 tinentnr.
216 1889 272 1950 vel
295 1889 401 1949 aliter:
423 1890 597 1974 compagem
616 1902 847 1972 conventumque
864 1911 901 1951 ex
918 1889 972 1952 diis
995 1887 1125 1951 homini-

53 1994 179 2076 busque,
196 2008 226 2055 et
246 2016 309 2076 quae
333 1993 437 2056 horum
451 2018 537 2056 cauea
552 2009 619 2056 sunt
638 1995 721 2056 iacta.
738 2023 753 2050 ιι
773 1995 903 2078 Utraque
918 1994 978 2056 haee
993 1998 1079 2056 etiam
1094 1997 1124 2056 in

53 2097 162 2159 laertio
183 2098 304 2160 totidem
328 2101 444 2176 verbis,
463 2101 515 2161 sed
535 2101 687 2162 Posidonio
704 2101 916 2162 adscribuntur.
941 2102 977 2162 ln
999 2103 1126 2163 Eusebio

54 2208 144 2286 prior,
162 2207 249 2288 paulo
264 2206 381 2267 uberius
393 2210 509 2290 ponitur
519 2206 589 2292 (lib.
605 2206 705 2291 XV):
719 2238 733 2265 ιι
749 2211 907 2293 Compages
917 2231 934 2270 e
945 2210 1029 2284 caelo,
1042 2232 1124 2285 aere,

54 2321 141 2386 terra,
157 2314 251 2387 mari,
267 2315 434 2395 naturisque
448 2316 600 2375 contentis.
615 2341 630 2368 ιι
646 2315 741 2398 Atque
757 2316 806 2376 ille
819 2316 897 2377 idem
914 2318 1031 2378 alteram
1045 2297 1123 2378 illam

54 2416 180 2496 adjunxit
196 2442 204 2477 a
223 2431 252 2479 et
264 2441 378 2480 caueam
391 2422 541 2502 utriusque
556 2422 691 2481 variantis
705 2420 786 2482 ‹ledit
801 2445 810 2480 c
829 2449 843 2476 ιι
857 2423 938 2483 Sicut
953 2423 1050 2496 enim,
1075 2423 1124 2482 in-

52 2526 126 2605 qnit,
144 2526 253 2586 Civitas
272 2526 423 2610 dupliciter
442 2529 556 2602 dicitur,
574 2540 603 2588 et
621 2529 683 2609 ipsa
701 2528 785 2589 sedes
800 2529 862 2588 sire
878 2527 1076 2604 domicilium,
1094 2542 1124 2589 et

53 2651 149 2714 corpus
168 2633 327 2694 incolarum
350 2636 537 2716 civiumque:
554 2635 596 2693 ita
607 2632 736 2694 Mundus
750 2645 887 2715 tanquam
904 2634 1010 2696 Civitas
1025 2649 1087 2711 est,
1106 2658 1123 2696 e

52 2737 102 2798 diis
124 2739 344 2821 hominibusque
366 2743 544 2813 constituta3
570 2742 652 2820 eujus
675 2741 715 2801 dii
738 2739 858 2822 quidem
882 2742 1074 2824 principatum
1095 2755 1124 2802 et

51 2845 175 2927 regimen
193 2844 318 2920 habent,
334 2845 498 2909 hominihus
512 2847 656 2926 subjectis.
675 2846 914 2926 Communionem
931 2860 1026 2908 autem
1046 2849 1123 2910 inter

50 2964 180 3036 utrosque
199 2975 283 3029 esse,
298 2955 367 3038 quia
380 2953 504 3016 Ratione
517 2955 706 3036 participant,
724 2975 787 3035 quae
807 2966 926 3014 natura¹
943 2951 1004 3016 Lex
1024 2967 1077 3014 est.
1105 2982 1120 3010 ιι

50 3056 116 3118 Sunt
126 3059 247 3141 pulchra
260 3074 289 3121 et
299 3060 467 3144 dignitatem
477 3060 579 3122 Mundi
595 3063 777 3143 exprimunt,
794 3073 823 3121 et
835 3075 979 3138 nostrum,
996 3063 1122 3144 itemque

50 3167 165 3228 officium
182 3179 215 3227 et
225 3189 341 3229 mamus.
360 3167 459 3252 Imago
475 3181 538 3242 eet,
554 3190 617 3251 quae
630 3167 715 3228 valde
730 3155 836 3251 plicita
852 3169 951 3230 Stoicis
966 3182 996 3230 et
1015 3172 1121 3252 passim

51 3283 184 3352 rumpant
195 3296 205 3344 ;
218 3286 252 3333 ut
260 3273 386 3348 Seneca,
398 3271 435 3334 ad
446 3273 583 3333 Marciam
598 3273 683 3356 (cap.
701 3269 756 3350 18)
774 3297 782 3331 ε
798 3299 812 3327 ιι
827 3273 968 3335 Intratura
979 3296 1010 3334 es
1020 3275 1120 3337 urbem

49 3373 101 3434 diis
112 3373 333 3461 hominibusque
342 3401 533 3438 communem.
550 3405 564 3431 ιι
579 3379 680 3438 Cicero
695 3377 729 3461 (l
741 3380 786 3440 De
800 3378 914 3464 Leg.)=
933 3409 947 3435 ιι
961 3381 1120 3444 Universne

48 3475 90 3538 laic
104 3482 233 3544 Mundus
247 3506 305 3543 una
319 3485 439 3557 civitas,
461 3486 619 3544 communis
640 3484 757 3546 deorum
773 3484 996 3569 hominumque,
1014 3489 1119 3549 existi-

48 3587 163 3647 mandus
180 3601 234 3648 est.
251 3614 265 3641 u
278 3588 360 3649 Idem
375 3588 442 3648 olibi
454 3585 502 3671 (Il
517 3589 553 3650 de
568 3589 634 3650 Nat.
652 3589 819 3676 Deorum):
840 3620 854 3647 ιι
870 3591 923 3654 Est
937 3596 1013 3655 enim
1027 3595 1118 3656 Mun-

47 3687 95 3750 dus
108 3694 190 3774 qnasi
203 3696 362 3753 communie
374 3693 492 3754 deorum
505 3708 590 3777 utque
602 3694 751 3757 hominum
766 3696 884 3774 domus,
897 3711 945 3760 aut
956 3699 1024 3760 urbs
1033 3714 1115 3762 ntro-

47 3818 172 3882 rumqne.
188 3827 203 3854 n
220 3800 327 3862 lterum
338 3801 423 3876 dico,
437 3815 506 3863 eunt
514 3803 638 3905 pulchra
651 3848 660 3879 ,
672 3806 750 3879 alta,
766 3818 795 3866 et
809 3808 873 3888 quio
886 3829 943 3868 non
959 3807 1114 3882 attollatur,

47 3915 126 3986 alque
142 3907 222 3969 idem
238 3918 379 3984 vereatur,
396 3931 486 3993 quum
501 3910 595 3970 Deum
619 3924 648 3972 et
665 3901 773 3973 Genios
788 3913 895 3973 circum
917 3935 968 3988 se,
986 3926 1016 3975 et
1029 3937 1114 3998 snpra

45 4028 90 4084 se,
107 4015 212 4096 cogitat
225 4015 400 4098 inspectores
413 4061 422 4091 ,
439 4016 611 4100 eosdemque
626 4033 749 4082 rectores
760 4020 772 4078 l
783 4017 821 4080 Et
834 4034 914 4103 parte
926 4021 1013 4082 ultera
1024 4065 1032 4096 ,
1045 4044 1113 4082 ava-

76 4189 177 4262 ¹Graeoe
186 4209 271 4279 picra,
284 4225 387 4266 natum.
400 4217 450 4266 lice
464 4215 527 4266 male
539 4211 638 4283 φῦσιος,
648 4225 759 4268 mm.
772 4219 908 4286 Utrumque
919 4233 1003 4270 vuum
1016 4221 1061 4269 eet.
