2950 4934
324 425 390 493 302
627 424 665 490 L.
694 420 871 491 ANNAEI
892 421 1106 493 SENECAE

323 552 537 649 pronuntiet,
556 550 643 619 nlius
656 573 720 643 per
731 559 965 644 sequestrem¹
984 570 1081 647 ngat,
1097 554 1184 623 alins
1196 578 1319 625 eorum
1335 581 1403 625 me·

323 694 388 739 nus
405 667 528 738 osculis
551 670 750 750 conteret²,
774 667 901 759 quihus
922 667 1119 763 designatus
1136 669 1401 765 eontingendem

323 809 461 855 manum
475 797 661 876 negaturus
671 797 742 867 θεῖς
755 806 890 868 omnes,
907 784 1063 869 attoniti,
1079 808 1197 853 vocem
1210 779 1401 878 ³praeconis

323 913 539 993 exepecmnt3
550 936 602 951 -
612 913 701 966 sture
714 897 879 983 otiosum,
896 914 930 967 et
941 893 1115 992 spectare⁴
1128 900 1396 987 illaenundines,

281 1040 299 1107 4
325 1039 388 1087 nec
413 1030 580 1086 ementem
609 1014 817 1106 quidquam,
849 1039 914 1084 nec
934 1016 1162 1085 vendentem?
1183 1004 1324 1109 Quanto
1341 1020 1398 1086 hie

324 1134 453 1228 majore
477 1130 601 1227 gaudio
621 1128 768 1217 fruitur,
789 1132 849 1224 qui
872 1156 940 1201 non
960 1136 1119 1226 praetoria
1134 1148 1193 1203 aut
1208 1124 1399 1204 oonsuloria

324 1247 461 1319 comitia
478 1272 618 1319 securus
637 1248 803 1333 intuetur,
821 1248 882 1316 eed
895 1272 1020 1343 magna
1032 1242 1134 1335 illa⁵,
1149 1251 1185 1317 in
1203 1251 1330 1342 quihue
1341 1252 1399 1320 alii

323 1367 472 1437 honoret
480 1358 753 1435 anniversarioe⁶
764 1378 901 1458 petunt,
914 1363 974 1432 alii
988 1381 1169 1458 perpetuos
1182 1368 1396 1460 ’potestaten

323 1482 381 1553 alii
393 1481 561 1550 bellorum
581 1495 723 1548 eventus
739 1502 920 1574 prosperos
934 1477 1210 1572 triumphosque,
1228 1480 1289 1548 olii
1308 1478 1397 1549 diri·

323 1602 403 1689 tiae,
423 1600 483 1669 alii
505 1601 720 1669 matrimonia
735 1624 777 1669 ee
797 1598 945 1684 liheroe,
966 1596 1025 1665 ulii
1043 1596 1184 1665 salutem
1204 1622 1299 1666 suam
1313 1624 1399 1669 eno-

322 1712 487 1809 rumque!
510 1716 640 1809 Quanti
654 1718 760 1785 animi
775 1731 916 1801 retest,
938 1715 1046 1784 solum
1060 1714 1147 1782 nihil
1159 1733 1294 1809 petere,
1311 1720 1398 1787 nulli

323 1836 539 1932 supplicare,
567 1850 601 1903 et
620 1834 735 1903 dicere
758 1859 767 1900 :
794 1832 927 1902 «Nihil
954 1833 1039 1901 mihi
1065 1849 1195 1919 tecum,
1220 1834 1394 1905 Fortuna!

322 1955 399 2022 Non
414 1952 501 2022 focio
515 1952 583 2020 mei
599 1950 662 2019 tihi
675 1945 827 2044 copiam!
848 1951 919 2019 seio
938 1948 1030 2044 apud
1048 1965 1082 2018 te
1094 1952 1240 2020 Catones
1255 1955 1394 2047 repelli,

321 2160 453 2227 pendeant
461 2194 468 2222 ,
476 2168 522 2209 ete.
530 2154 611 2209 Vides
619 2153 663 2209 hie
672 2153 836 2209 comitiorum
918 2174 941 2206 n.
953 2154 1055 2207 Manus
1065 2156 1163 2207 osculis
1171 2166 1293 2211 conterat.
1303 2159 1364 2211 Vile
1373 2172 1397 2211 et

323 2236 479 2289 mentionem
486 2232 836 2298 eademretionehahitornm,
885 2234 982 2286 servile.
993 2234 1059 2285 Nam
1074 2234 1113 2287 illi
1129 2236 1248 2289 Dominio
1258 2238 1295 2290 sie
1306 2239 1395 2292 solent.

324 2336 374 2387 qua
389 2328 504 2389 ternpore
520 2312 627 2387 reipubl.
647 2312 734 2367 libera·
750 2311 837 2364 hahita
886 2312 954 2366 Vide
964 2312 1051 2366 Electa
1058 2314 1248 2383 nostra,lih.ll,
1257 2336 1313 2391 eap.
1320 2318 1396 2371 deos·

323 2407 399 2447 tunt:
413 2412 461 2446 nee
474 2392 619 2445 adversetur
626 2390 729 2443 Tacitus
741 2390 836 2444 Annal.
885 2392 956 2445 eolis.
966 2390 1038 2441 L.-·
1047 2392 1289 2446 Deeandidatornm
1301 2395 1397 2449 amhitn

322 2467 838 2544 I,15comitiaetampoinenriamtrans·
885 2472 953 2524 coni.
964 2471 1060 2524 Adams
1072 2474 1100 2531 l,
1113 2494 1136 2546 p.
1149 2474 1197 2525 158
1206 2493 1246 2543 tq.
1254 2474 1346 2526 flunt.
1431 2470 1435 2473 ⁴

323 2550 373 2604 lata
385 2550 445 2605 :uhi
462 2550 494 2603 de
508 2546 722 2619 magistratibus·
739 2546 837 2597 Senatu
918 2548 943 2600 3.
966 2551 1061 2602 Vocem
1076 2554 1202 2617 proeronis
1222 2550 1267 2621 qui
1283 2564 1395 2605 ereatnru

324 2640 349 2681 et
357 2648 410 2681 non
421 2648 436 2680 a
448 2626 542 2701 populo
552 2623 668 2678 ereendis
679 2622 785 2676 nonnisi
792 2644 837 2676 no·
885 2626 1047 2680 renuntiaret.
1060 2626 1151 2679 Iinlrle.

323 2726 358 2761 vo
365 2708 516 2779 imperatore
526 2701 689 2769 succedente,
700 2722 783 2754 sermo
791 2713 836 2755 est.
918 2707 943 2771 4.
955 2704 995 2757 Et
1003 2718 1149 2775 spectare...
1161 2708 1395 2760 tendentemliota

327 2785 439 2854 Templa
449 2782 590 2855 inlelllgtm
598 2779 836 2834 (leroelt'ltt.lelter·
885 2798 923 2839 est
937 2786 998 2840 vite
1012 2805 1071 2838 cum
1086 2798 1200 2838 mercatu
1212 2787 1367 2859 compulit>
1380 2808 1395 2838 a

324 2866 364 2919 nis
377 2863 539 2929 editioribus,
554 2862 601 2915 uhi
618 2860 762 2923 candidati,
774 2872 835 2912 teste
885 2863 1030 2936 Pythagora
1046 2862 1097 2936 jam
1115 2864 1243 2931 instituta,
1259 2886 1300 2936 ap.
1317 2866 1397 2920 (iice-

323 2942 438 2997 Maeroh.
451 2942 476 3008 l,
496 2942 598 2994 Saturn.
614 2940 658 3004 th,
676 2960 701 3013 p.
720 2940 768 2991 282
784 2939 838 3013 hip·
886 2962 943 2997 ron.
955 2944 1049 3011 Qureat
1059 2943 1160 2997 Toseul.
1171 2944 1212 3007 V,
1231 2943 1326 3016 tibiq.
1338 2946 1397 2997 Da-

325 3021 505 3088 eonsistehant,
518 3034 546 3072 ut
559 3032 583 3073 et
601 3017 712 3092 conspici
719 3052 726 3083 ,
744 3030 768 3069 et
779 3038 837 3071 suos
885 3022 938 3075 vies
950 3044 974 3095 p.
985 3021 1033 3090 347
1046 3020 1172 3091 aq.1l.—
1180 3021 1263 3075 Nobis
1274 3022 1331 3076 hee
1342 3042 1396 3076 nna

324 3102 420 3155 hortari
427 3121 481 3153 non
489 3101 545 3153 sine
554 3097 724 3153 sollieitudine
734 3097 836 3151 aehene
887 3099 1036 3171 generaliter
1046 3099 1153 3166 devita,
1163 3099 1206 3153 ted
1219 3102 1253 3154 de
1267 3101 1397 3175 emptione

325 3179 438 3251 exeipere
453 3190 570 3246 possent,
583 3195 655 3247 teque
667 3196 695 3229 ae
709 3173 837 3245 hodieque
884 3173 1062 3251 ,unfagiomm
1077 3179 1144 3233 dieta
1158 3179 1284 3233 videntur.

325 3256 394 3329 apud
404 3254 501 3327 hoglon
514 3252 540 3307 in
551 3254 667 3307 creandis
676 3252 836 3306 senatoribus
918 3260 941 3310 5.
954 3256 1010 3309 Sed
1017 3275 1117 3325 magna
1128 3258 1185 3310 itta.
1199 3257 1289 3310 Totius
1304 3256 1403 3310 mnndi

325 3334 383 3386 lieri
395 3333 467 3387 solet.
484 3332 524 3385 Ci.
540 3333 687 3387 Schneider.
704 3334 745 3385 nd
759 3334 838 3387 Vor—
886 3336 1003 3401 comitia,
1016 3336 1123 3410 preside
1135 3338 1256 3389 Fortuna.
1268 3336 1360 3391 Ruta.

326 3413 424 3465 eunde
435 3414 474 3466 tte
482 3410 560 3463 diust.
572 3411 626 3477 lll,
642 3432 671 3476 2,
686 3430 707 3462 1.
719 3410 789 3465 Flor.
801 3410 835 3472 ll,
917 3414 942 3468 6.
959 3414 998 3465 Η.
1010 3416 1201 3469 anniversarios
1215 3415 1377 3487 magistratus
1396 3434 1408 3469 ε

267 3513 273 3523 ·
330 3490 605 3558 ra,uhitemp1unt,i.
616 3510 637 3542 e.
648 3490 839 3543 tabernaculum
885 3512 944 3545 narn
954 3490 1174 3565 Seneeoetempore
1183 3494 1409 3564 magistratnsho-

325 3570 442 3623 occurrit.
460 3568 556 3640 Lipsius
569 3568 671 3641 exponit
688 3568 720 3621 de
735 3568 836 3641 templis
885 3570 1039 3624 norariie.e.
1049 3569 1164 3624 eonsules
1172 3573 1273 3626 enitenti
1281 3592 1304 3625 a.
1313 3573 1411 3626 mino-

326 3648 425 3723 Campo
434 3648 528 3701 Martio
539 3647 647 3713 vicinis,
661 3650 694 3701 ad
708 3668 765 3721 quoe
777 3668 837 3701 ean·
884 3666 924 3702 res
933 3647 1116 3701 ereahanmrin
1126 3649 1180 3702 dies
1187 3653 1410 3704 menseumha-

325 3727 425 3781 didntoa
438 3726 567 3781 divertisse
580 3737 604 3777 et
613 3726 705 3779 exitum
719 3727 837 3781 comitio-
885 3724 1312 3781 nimsarie'rnrdinariiinannum
1319 3732 1410 3782 creati

325 3826 382 3859 rum
393 3818 543 3880 exspectasse
555 3804 666 3877 conjicit.
680 3802 770 3859 Rutu.
884 3822 955 3856 anno
971 3824 1066 3855 nomen
1080 3804 1181 3858 dabant.
1198 3806 1250 3859 Dio
1268 3807 1337 3861 Can.
1349 3808 1410 3865 lib.

361 3905 383 3938 ι.
400 3884 575 3955 Sequestrem,
588 3903 641 3935 non
659 3896 835 3953 reqmsM,
885 3882 996 3936 vaut
1009 3919 1018 3947 ,
1031 3883 1071 3936 35.
1087 3882 1176 3937 Rutu.

323 3982 351 4015 o.
363 3982 386 4015 e.
398 3962 433 4017 R.
442 3966 479 4015 Α.
487 3961 566 4017 Seno.
574 3989 609 4003 -
617 3963 678 4015 Non
690 3964 837 4037 pronuntiet
919 3980 942 4031 7.
950 3960 984 4013 P.
993 3970 1144 4030 potestates,
1155 3960 1171 4014 i.
1183 3982 1206 4014 e.
1219 3980 1314 4033 regna,
1326 3964 1415 4036 prin.

324 4042 407 4095 solum
420 4054 444 4094 et
452 4041 589 4113 promittat,
599 4041 644 4094 sed
654 4060 774 4097 nurnrnot
785 4042 836 4097 de·
885 4038 995 4111 eipatnt:
1005 4038 1103 4113 proprie
1114 4058 1222 4093 munera
1229 4060 1326 4093 summa
1334 4062 1418 4112 pro-

324 4130 402 4192 ponat
422 4129 446 4171 et
464 4116 531 4191 npud
549 4116 642 4186 elium,
662 4116 724 4173 fidei
745 4138 836 4184 canu,
884 4117 1013 4171 vineialia.
1026 4118 1069 4173 Cf.
1083 4118 1184 4172 Ernesti
1196 4119 1261 4175 elev.
1272 4120 1323 4174 cte
1334 4140 1420 4177 voc.

324 4196 465 4270 contiguet.
477 4194 550 4263 Lips.
886 4197 1043 4266 Imperium.
1055 4196 1144 4249 nult.
