2950 4934
401 427 676 502 umsrous
699 429 891 498 xcvtn.
1124 433 1184 528 ¹42

104 566 194 646 isto,
228 587 332 656 qum,
362 577 402 631 ut
428 561 581 655 speciosa
603 575 638 630 et
665 559 795 644 felicis,
819 557 960 628 trabunt
978 559 1140 658 vulgum,
1164 586 1186 634 a

104 680 220 750 multis
237 696 273 748 et
292 701 384 772 saepe
399 693 592 772 contempta
608 691 699 746 sunt.
720 675 902 744 Fabricius
920 673 1057 746 divitias
1073 680 1185 773 impe·

105 813 196 864 rator
216 795 340 888 rejecit
354 799 386 882 ¹,
408 818 529 863 censor
547 793 694 882 notavit3
713 791 877 862 Tubero²
896 781 1130 888 paupertatem
1151 811 1186 864 et
1213 807 1243 860 1³

104 936 138 980 te
154 911 300 1006 dignam
327 928 363 979 et
389 911 559 1004 Capitolio
574 907 764 1003 judicavit,
789 932 915 1002 quum,
937 905 1123 979 fictilibus³
1148 913 1186 980 in

104 1029 245 1122 publica
262 1052 356 1096 ooena
376 1053 475 1109 usus,
498 1026 666 1111 ostendit,
692 1025 820 1096 debere
841 1026 897 1095 his
919 1027 1092 1098 hominem
1112 1053 1186 1100 esse

104 1161 325 1224 contentum,
342 1145 469 1239 quibus
481 1145 539 1214 Dii
552 1145 747 1213 etiamnunc
759 1160 951 1214 uterentur.
963 1147 1117 1217 Honores
1130 1171 1188 1216 re·

103 1263 192 1357 pulit
204 1279 306 1358 pater
319 1258 492 1343 Sextius⁴‚
515 1263 593 1354 qui,
613 1262 660 1330 ita
677 1253 852 1343 natus‚'ut
866 1261 1112 1356 rempublicam
1124 1263 1187 1335 de·

103 1379 203 1450 beret
222 1403 424 1474 capessere,
446 1379 549 1446 latum
571 1369 738 1460 clarum⁵‚
761 1377 840 1446 divo
861 1377 952 1448 lulio
971 1377 1095 1468 dante,
1117 1405 1187 1450 non

105 1499 266 1592 recepit:
284 1497 499 1591 intelligebat
521 1497 635 1578 enim,
664 1494 758 1588 quod
781 1493 857 1564 (lari
881 1513 1016 1590 posset,
1043 1514 1078 1568 et
1098 1501 1187 1594 eripi

102 1639 215 1707 posse.
240 1618 312 1684 Nos
330 1638 467 1708 quoque
484 1613 617 1707 aliquid
635 1614 699 1706 ipsi
717 1613 878 1682 faciamus
891 1611 1061 1683 animose!
1083 1616 1188 1685 simus

103 1733 195 1800 iuter
223 1727 400 1824 exempla!
431 1731 550 1824 Quare
576 1730 783 1799 deficimus?
806 1753 913 1822 quare
941 1729 1188 1824 desperamus?
1215 1757 1244 1823 =t

104 1845 292 1940 Quidquid
310 1847 388 1914 lieri
406 1849 535 1940 potuit,
555 1863 680 1942 potest.
701 1849 770 1915 Nos
788 1845 888 1914 modo
905 1868 1089 1940 purgemus
1106 1848 1188 1915 ani-
1232 1931 1236 1938 Ι

105 1987 215 2049 mum,
239 1987 495 2057 sequamurque
515 1980 688 2048 naturam3
711 1987 732 2032 a
755 1988 823 2055 qua
846 1963 1020 2032 aberranti
1038 1965 1187 2057 cupien-

104 2080 183 2150 dum
211 2080 473 2173 timendumque
491 2097 569 2163 est,
591 2097 626 2148 et
653 2081 802 2149 fortuitis
827 2080 1059 2150 serviendum.
1089 2082 1188 2150 Licet

105 2198 231 2266 reverti
243 2198 283 2264 in
298 2198 412 2280 viam,
434 2196 515 2264 lieet
534 2199 570 2264 iu
588 2198 760 2292 integrum
774 2197 923 2267 restitui.
938 2198 1183 2280 Restituamur‚

103 2329 140 2379 ut
152 2313 324 2406 possimus
338 2313 487 2396 dolores,
503 2337 719 2406 quocumque
730 2312 831 2382 modo
844 2335 969 2407 eorpus
982 2314 1183 2394 invaserint,

104 2431 279 2524 perterre,
309 2447 344 2500 et
364 2432 507 2500 fortunae
533 2432 648 2501 dicere
677 2459 685 2498 ι
711 2434 797 2501 Cum
821 2433 896 2499 viro
922 2432 986 2499 tibi
1008 2433 1184 2526 negotium

103 2561 169 2628 est;
191 2568 309 2638 quaere
327 2569 428 2638 quem
446 2541 584 2614 vincas!
611 2573 626 2608 r

151 2664 214 2732 llis
233 2657 482 2744 sermonibus⁶,
502 2679 537 2730 et
554 2663 609 2730 bis
625 2661 810 2744 similibus,
833 2663 961 2732 lenitur
982 2665 1107 2733 illatis
1123 2665 1183 2732 ul·-
1210 2679 1238 2736 ιε

138 2914 158 2946 r.
172 2895 321 2948 Fabricius.
331 2928 367 2946 ..0
382 2897 474 2958 rejecit.
487 2893 521 2944 Et
539 2913 618 2966 quum
667 2891 757 2945 teriam
766 2891 1182 2967 repudiaritetsesrlpbilosophiat

103 2971 214 3044 Pyrrhus
225 2970 263 3024 illi
276 2967 416 3044 magnifica
426 2991 546 3034 munera,
557 2971 620 3023 smi-
667 2972 752 3024 rtoieae
764 2972 877 3024 studium
895 2973 1008 3024 eontulit·
1026 2972 1050 3023 ls
1069 2985 1094 3024 et
1111 2970 1180 3024 filius

102 3051 169 3103 sitia
180 3051 288 3122 pignus,
302 3049 410 3112 obtulit;
421 3062 445 3102 et
453 3067 533 3120 quum
543 3049 619 3102 Sam·
667 3048 778 3101 celebres
791 3051 860 3102 inere
877 3049 965 3122 primis
981 3049 1026 3101 snb
1041 3049 1182 3122 imperato-

104 3129 194 3180 uitium
201 3127 291 3200 legatis
297 3127 430 3198 ingentem
443 3125 480 3179 illi
493 3139 617 3180 summam
665 3127 734 3180 ribus
743 3149 808 3181 rom.
818 3128 858 3181 Cf.
866 3129 898 3182 sd
909 3129 1022 3196 liment,
1032 3129 1179 3184 &Muretus

103 3207 217 3276 pecuniae
229 3202 406 3269 offerentibus,
415 3216 443 3256 ut
455 3215 552 3276 gratnm
563 3206 617 3257 ani·
666 3206 707 3260 hie
725 3207 811 3259 laudat
825 3206 952 3260 Plntrrrb.
964 3208 1023 3262 Vol.
1043 3209 1082 3274 ll,
1097 3231 1122 3283 p.
1138 3229 1178 3278 77.

104 3304 172 3336 mum
190 3282 224 3336 ob
236 3301 383 3336 conresstm
394 3301 480 3354 parem
494 3283 617 3335 testifica·
664 3283 694 3337 ll.
707 3285 777 3339 Frei.
788 3285 877 3338 Ruit.

103 3377 201 3428 rentur,
213 3361 346 3435 respondit
354 3381 380 3413 se
390 3361 466 3414 malls
480 3361 518 3412 bis
529 3360 617 3433 irnpe-
698 3364 721 3414 5.
730 3362 830 3414 latum
839 3365 950 3417 clarum.
960 3365 1066 3438 Insigne
1075 3380 1177 3420 senato·

103 3459 156 3492 rure
168 3440 213 3510 qui
225 3458 317 3492 aurum
330 3438 467 3506 haberent,
478 3457 555 3510 quam
566 3457 616 3490 au-
663 3441 747 3505 rium,
760 3455 860 3515 pertore
873 3443 1018 3497 demissum.
1029 3447 1103 3516 Lips-

104 3537 157 3570 mm
169 3515 271 3572 habere.
697 3519 721 3571 b.
728 3518 785 3572 His
796 3521 965 3584 sermnm'bus,
974 3534 1000 3574 et
1008 3536 1055 3577 etc.
1061 3524 1175 3599 Abrupta

134 3619 159 3651 ι.
174 3597 282 3650 Tuom.
297 3597 373 3650 cont.
387 3597 419 3650 atl
437 3595 541 3669 Epistol.
553 3609 613 3661 xcv,
664 3597 719 3652 lune
748 3619 801 3652 esse
825 3599 908 3670 quivis
930 3601 1069 3674 intelligit,
1092 3606 1176 3678 inquit

104 3675 272 3745 §fidium
663 3675 748 3729 Ruit.
772 3678 857 3746 Quare
878 3681 994 3732 Muretus
1017 3682 1073 3734 sit:
1093 3704 1173 3754 quum

136 3751 344 3806 Uiriathum...
357 3761 494 3805 uterentur.
510 3751 614 3805 Confer.
662 3752 738 3822 bujns
756 3755 823 3807 senis
841 3756 938 3810 nnllam
958 3758 985 3809 in
1004 3761 1174 3832 superioribus

105 3829 150 3899 Ep.
165 3844 225 3881 xm
243 3831 289 3882 lin.
304 3829 370 3883 Plin.
385 3830 431 3892 35,
448 3829 496 3898 tt:
509 3831 559 3883 «ln
570 3847 614 3882 u-
663 3833 819 3886 mentionem
827 3836 914 3888 leserit
925 3836 1037 3903 Seneca,
1047 3838 1175 3892 facilerd·

105 3907 152 3957 eris
160 3907 262 3976 quidem
273 3908 349 3960 etiam
363 3907 428 3961 inter
438 3907 483 3961 bas
494 3928 552 3982 opes
561 3905 613 3960 lto-
663 3911 751 3975 ducor,
762 3925 789 3964 ut
797 3924 898 3987 putem,
909 3914 990 3967 multa
997 3915 1075 3989 hujus
1084 3918 1175 3990 episto·

106 3984 277 4040 sistentibus
293 3987 433 4062 prolibatur
447 3989 587 4063 simpuriis.
597 4009 611 4035 υ
662 3989 694 4042 lte
709 3990 832 4067 principio
852 3993 996 4048 desiderari.
1017 3999 1050 4048 m
1069 3997 1174 4071 Steplrs-

107 4063 206 4120 Conl'er.
216 4066 334 4140 lleynins
347 4067 379 4120 ud
389 4065 484 4120 Tibull.
494 4068 506 4118 l
513 4107 520 4136 ,
536 4087 559 4136 t,
571 4068 612 4124 38.
662 4085 709 4120 nus
718 4068 797 4141 Epist.
806 4070 838 4122 sd
849 4071 999 4125 Delerltam.
1009 4088 1081 4128 mu
1093 4076 1173 4128 credi·

107 4140 195 4198 Μ,
663 4145 730 4198 derit
751 4147 851 4220 potins,
875 4148 950 4221 hujus
968 4149 1046 4222 ipsius
1061 4152 1173 4226 epistole

137 4221 252 4286 Mater
259 4219 370 4276 Sextius
379 4223 528 4295 (lignitatem
538 4243 612 4278 sens·
662 4224 741 4277 finem
754 4225 903 4295 desiderari,
918 4239 941 4281 et
955 4229 1107 4303 principium
1125 4232 1173 4284 ali·
