2950 4934
410 385 679 457 EPISTOLA
703 390 824 459 XCV.
1091 419 1153 488 ¹⁰9

73 527 249 596 solverant
261 528 288 607 ¹,
311 521 371 614 qui
389 520 454 590 sibi
472 519 700 614 imperabant,
723 521 789 590 sibi
804 521 1050 592 ministmbont.
1069 525 1154 592 Cor·

82 665 162 734 pora
173 662 281 734 opere
294 661 427 707 acuero
437 636 552 705 labore
566 636 753 723 durabant,
767 654 826 706 aut
838 662 940 707 cursu
953 637 1150 734 defatigati,

81 775 138 826 sut
151 773 298 840 venatu,
319 770 380 823 aut
395 753 518 822 tellure
536 769 668 822 versatu
678 759 705 822 ².
722 755 920 849 Excipiebot
938 756 1016 825 illos
1032 758 1150 840 cibus,

82 875 159 966 qui,
176 874 245 941 nisi
264 869 512 953 esurientibus,
534 869 669 966 placere
692 866 764 940 non
786 890 912 967 posset.
930 875 1049 965 Itaque
1065 873 1154 941 nihil

82 1013 164 1082 opus
189 1005 266 1056 erat
294 1004 363 1054 tam
389 1007 511 1080 magns
536 984 745 1090 medicorum
770 988 1000 1081 supellectile,
1024 1013 1090 1058 nec
1105 1005 1156 1058 tot

82 1098 332 1187 ferramentis³,
346 1119 450 1195 atque
462 1102 656 1196 pyxidibus.
672 1103 822 1197 Simplex
832 1121 953 1172 emtex
965 1128 1067 1174 causa
1079 1105 1156 1172 sim·

75 1221 161 1314 plici
177 1221 359 1306 valetudo,
381 1219 503 1288 multos
522 1219 658 1288 morbos
681 1220 788 1288 multa
811 1221 940 1289 ferculo
957 1213 971 1263 ⁴
986 1221 1151 1290 lecerunt.

81 1336 192 1420 Vide,
216 1351 384 1429 quantum
409 1359 524 1404 rerum
550 1357 734 1428 perunum
757 1334 871 1427 gulam
896 1335 1157 1404 transiturarum

77 1455 287 1546 ,permiscent
311 1451 463 1534 luxuria,
491 1467 658 1519 terrorum
685 1452 856 1543 marisque
879 1449 1059 1520 vastatrix!
1084 1455 1156 1520 Ne·

78 1593 172 1638 oesse
185 1561 373 1660 est'itaque
387 1568 478 1636 inter
490 1591 526 1634 se
540 1582 607 1635 tom
624 1566 756 1634 diversa
769 1566 973 1651 dissideant,
989 1586 1023 1636 et
1036 1569 1155 1637 hausta

83 1685 166 1752 mele
180 1683 400 1777 digerantur,
417 1681 492 1750 aliis
504 1681 570 1750 alio
583 1682 783 1750 nitentibus.
806 1687 878 1752 Nec
895 1687 1038 1768 mirum,
1064 1686 1155 1778 quod

82 1800 283 1866 inconstans
309 1798 492 1887 variusque
516 1819 556 1862 es
580 1793 728 1864 discordi
755 1797 834 1864 cibo
856 1797 994 1866 morbus
1020 1816 1091 1880 est,
1120 1816 1155 1867 et

84 1915 138 1982 illa
157 1939 201 1984 ex
217 1906 421 1982 contrariis⁵
441 1926 568 1979 nature
586 1909 739 2004 partibus
750 1912 792 1979 ‘in
810 1911 966 1980 eumdem
985 1915 1156 2008 compulsa

83 2028 292 2098 redundent.
317 2026 402 2096 lnde
426 2043 492 2096 tum
511 2021 628 2095 nullo⁶
654 2043 855 2120 aegmtomus
882 2053 1031 2122 genere,
1052 2009 1153 2122 quam

81 2148 238 2214 risimus.
270 2145 437 2212 Maximus
453 2145 463 2189 ⁷
481 2143 540 2211 ille
560 2142 793 2226 Medicorum,
819 2159 854 2212 et
875 2145 979 2238 hujus
1004 2147 1154 2218 scientiae

83 2264 253 2351 conditor,
273 2289 288 2324 o
302 2262 435 2330 leminis
449 2285 512 2328 nec
524 2259 664 2353 capillos
676 2259 840 2343 defluere,
855 2260 957 2346 dixit,
972 2288 1037 2333 nec
1049 2265 1154 2357 pedes

83 2381 277 2449 laborare.»
290 2377 577 2470 Atquietcapillis
592 2376 836 2462 destituuntur,
851 2381 1042 2474 etpedibus
1056 2407 1153 2476 aegrae

83 2516 173 2564 sont.
192 2499 272 2564 Non
291 2509 419 2562 mutata
441 2492 640 2562 seminarum
657 2508 797 2576 nutura,
817 2492 879 2562 sed
897 2498 965 2564 vita
979 2513 1030 2565 est
1048 2525 1055 2563 :
1075 2523 1153 2566 nom

116 2787 140 2821 r.
155 2769 383 2838 Quinondumse
396 2767 498 2818 deliciis
511 2767 598 2817 soler·-
647 2783 695 2834 que
715 2763 862 2818 morborum
881 2785 975 2838 genera
993 2768 1061 2834 sint,
1077 2788 1154 2839 quam
1217 2790 1220 2798 ’
1256 2772 1261 2784 ’

84 2855 151 2898 rent.
165 2847 185 2898 l.
200 2845 245 2916 qui
262 2841 378 2896 nondum
393 2842 474 2895 nimia
490 2839 598 2894 mollitie
645 2841 749 2894 vivendi
762 2843 826 2895 ratio
841 2857 924 2897 nostra
938 2859 973 2896 est
985 2845 1079 2898 discors
1091 2867 1155 2919 pro·

83 2939 106 2976 et
115 2919 244 2996 voloplate
257 2922 322 2974 sires
332 2941 389 2975 suas
399 2922 531 2992 fregerant
542 2919 578 2971 lt.
646 2931 700 2992 pter
716 2920 831 2972 ciborum
861 2940 954 2992 genera
980 2923 1155 2976 multiformia.

116 3023 142 3056 s.
153 3007 211 3057 Aut
220 3006 313 3054 reum
323 3013 437 3054 versato.
448 3001 491 3053 Sic
501 3001 598 3052 Eresm.
646 2995 734 3048 Ruth.
741 3022 775 3034 -
782 2997 863 3048 Miror
870 2999 939 3067 qnod
950 2998 1016 3050 nulli
1025 2999 1082 3053 edd.
1093 3019 1156 3052 eon·

85 3081 210 3134 Nonnulli
223 3079 299 3132 codd.
315 3079 387 3130 Pius:
401 3091 425 3131 et
443 3079 515 3132 Grut.
528 3095 597 3148 prae-
646 3073 752 3145 jecerint
763 3079 860 3142 multo,
873 3077 942 3148 quod
951 3077 1049 3130 facilius
1060 3078 1156 3131 intelli-

84 3173 148 3211 stant
160 3169 210 3210 eut
222 3161 343 3210 tellurem
356 3159 496 3209 versantia.
508 3153 598 3206 null.
647 3165 756 3225 geretur.

116 3239 139 3290 ³.
146 3238 334 3290 Ferrommtis.
341 3234 362 3288 l.
370 3233 542 3287 instrumentis
548 3231 599 3285 ehi·
680 3251 703 3295 7.
714 3233 859 3284 Maximus
867 3235 912 3286 ille
922 3235 1103 3287 medicorum...
1114 3237 1157 3286 la·

85 3317 199 3390 tergitis.
211 3314 304 3367 mitt.
432 3305 439 3321 ’
647 3311 747 3362 horare.
766 3311 931 3382 Hippocrates
949 3312 978 3363 in
997 3314 1028 3364 iis
1042 3313 1155 3386 scriptis,

116 3393 257 3460 tunnas
267 3392 371 3444 morbos
380 3388 599 3462 multoserculos
649 3406 704 3456 quae
715 3400 812 3440 ertatem
825 3389 950 3455 tolerunt,
963 3389 1018 3442 haee
1028 3391 1158 3444 memorie

87 3471 151 3524 Vide
163 3472 191 3524 in
206 3470 277 3521 lianc
291 3487 345 3520 rens
359 3468 490 3520 Plutarchi
503 3469 599 3535 Qnaest·
647 3485 702 3517 non
716 3466 833 3536 prodidit.
851 3467 952 3520 Similia
967 3481 1052 3521 tamen
1065 3489 1158 3522 occor-

88 3549 213 3603 tsnvirsl.
226 3549 309 3608 vlu,
322 3567 343 3600 o
355 3565 380 3618 9.
391 3547 466 3616 Lips.
648 3556 707 3596 runt
718 3545 744 3596 in
756 3544 822 3596 libro
835 3545 867 3597 de
880 3557 969 3598 natura
981 3548 1058 3600 Pueri
1072 3569 1095 3620 p.
1108 3548 1154 3613 '²4¹

119 3633 141 3682 5.
159 3627 200 3680 ΕΙ
213 3629 265 3680 ma
279 3645 317 3679 ex
327 3628 490 3679 contrariis...
503 3625 600 3678 redun-
649 3624 688 3675 etl.
701 3623 799 3677 Gener.
811 3624 881 3694 1557.
893 3625 937 3676 lol.
949 3625 1081 3679 :Galenus
1093 3647 1157 3697 quo·

89 3707 158 3759 derit.
178 3707 278 3758 Sensus
298 3715 416 3756 estsnon
429 3703 527 3756 mirum
547 3710 598 3763 est,
649 3701 1158 3775 queadlib.VlAphorism.notat‚olim

90 3786 153 3854 quod
167 3785 212 3836 illa
229 3795 283 3834 tarn
302 3781 429 3834 contraria
443 3779 562 3833 alimenta
573 3777 600 3829 in
649 3779 677 3830 id
689 3779 723 3831 ita
736 3779 812 3833 luisse
826 3780 986 3853 Hippocratis
996 3799 1066 3845 aevo,
1079 3801 1159 3850 quum

91 3880 164 3912 noem
174 3860 263 3913 cibum
274 3857 406 3930 compulsa
414 3877 433 3910 s.
441 3857 545 3910 collecte
554 3857 601 3907 ler-
649 3857 778 3908 moderate
790 3858 947 3910 victitarent:
956 3871 982 3910 at
991 3877 1036 3910 suo
1047 3871 1159 3933 tempore

90 3941 271 3992 mutationem
290 3937 401 3988 subeunt
414 3936 514 3988 noriam
528 3948 552 3988 et
563 3934 601 3986 ni·
649 3948 751 4007 propter
762 3935 984 4007 intemperantiam
993 3935 1071 3988 vietus
1082 3948 1159 3989 eteu-

92 4018 139 4068 roio
152 4018 249 4090 impetu
263 4033 342 4068 venas
355 4014 469 4085 implent.
483 4011 571 4065 Ruit.
651 4013 748 4066 uuchos
757 4052 764 4078 ,
773 4025 798 4065 et
810 4013 916 4066 feminas
925 4032 989 4086 saepe
1000 4014 1111 4086 podagra
1123 4015 1160 4065 la-

121 4091 288 4148 Mndetam
297 4094 398 4146 nullo...
409 4095 527 4144 vicimus.
538 4089 601 4142 Inde
651 4089 749 4144 horare.
768 4090 894 4144 Ceterum
908 4089 1054 4145 Aristoteles
1066 4094 1097 4144 de
1109 4093 1160 4146 Ge

92 4173 133 4242 fit,
146 4189 172 4227 nt
185 4189 237 4228 tam
248 4174 352 4226 diversa
362 4183 384 4222 et
394 4171 468 4222 mista
477 4169 603 4243 perplexa·
653 4181 729 4222 uerat.
743 4169 853 4222 Animal.
864 4169 898 4235 V,
912 4170 927 4220 3
939 4171 1026 4238 (quem
1039 4169 1122 4222 locum
1135 4169 1160 4220 J.
