2950 4934
362 436 634 514 urrsroua
657 436 852 508 scrin.
1083 439 1145 526 ιβ

71 601 132 671 nou
144 599 186 646 ex
200 573 272 644 illis
284 565 364 643 uos.
378 571 504 642 Omnia
517 593 592 662 quar
607 567 778 640 fortunam
791 567 983 655 intuentur,
998 570 1045 638 ita
1058 569 1150 640 frue-

71 692 163 762 tisera
181 715 227 760 ae
239 686 395 784 jucunda
421 688 530 772 fiunt,
554 685 586 756 ,si
609 685 669 777 qui
695 682 801 752 babet
826 683 933 770 itta1„
949 691 986 754 se
1011 709 1149 780 quoque
1233 767 1237 778 Ι

73 807 188 891 babet,
207 829 273 872 uec
284 804 321 871 iu
335 826 451 872 rerum
466 823 602 892 suarum
616 814 782 893 potestate
796 815 860 869 est.
875 803 1022 871 Erraut²
1037 803 1146 887 euim,
1173 825 1190 857 τ

76 923 200 1006 Lucili,
223 921 285 1012 qui
297 933 359 994 aut
375 918 458 989 boni
470 915 604 1009 aliquid
617 916 737 1001 nobis,
753 931 812 986 aut
824 917 904 986 mali
914 918 1072 1011 judieuut
1087 921 1151 989 tri·

72 1038 171 1106 boare
192 1036 368 1104 fortunam
386 1058 395 1100 ε
411 1032 586 1100 materiam
602 1031 660 1101 det
675 1031 842 1102 bonorum
857 1034 1101 1121 aenatorum,
1117 1052 1151 1104 et

72 1149 162 1222 initia
184 1176 304 1222 rerum
326 1148 419 1244 apud
436 1173 499 1218 uos
525 1151 561 1216 in
585 1149 710 1218 malurn
732 1148 903 1220 bonumve
927 1152 1147 1221 exiturarum.

75 1270 252 1340 Valentior
274 1269 366 1336 euim
391 1267 481 1336 omni
508 1265 645 1334 fortuna
664 1267 799 1334 animus
817 1281 891 1354 est3
915 1268 952 1335 iu
972 1283 1152 1362 utramque

75 1406 203 1480 partem
222 1387 297 1480 ipse
311 1409 367 1454 res
381 1409 459 1454 suas
472 1383 589 1468 ducit,
607 1384 783 1476 beataeque
795 1407 837 1452 ue
849 1385 982 1454 miserae
996 1387 1074 1454 vitas
1086 1385 1153 1454 sibi

75 1529 173 1574 rausa
184 1520 251 1572 est.
267 1496 400 1572 ΜειΙιιε3
418 1501 530 1572 omnia
543 1503 580 1596 in
594 1501 721 1570 maium
732 1501 856 1586 vertit,
873 1502 974 1570 etiam
986 1527 1062 1595 quae
1075 1527 1152 1572 cum

74 1615 211 1716 specie⁴
235 1621 355 1714 optimi
375 1635 541 1688 venerant
558 1645 566 1686 ε
583 1635 699 1687 rectus
714 1634 818 1710 atque
834 1613 992 1714 integer⁵
1011 1621 1154 1715 corrigit
1175 1629 1192 1682 3

75 1739 354 1831 provisionum,
371 1751 405 1805 et
423 1733 509 1804 dura
520 1751 622 1828 atque
634 1757 754 1828 aspera
768 1735 901 1803 ferendi
917 1736 1057 1805 scientia
1070 1737 1155 1806 mol-

76 1856 130 1943 1113
150 1854 317 1947 idemque
330 1868 365 1922 et
375 1853 524 1922 secunda
534 1869 630 1946 grate
644 1853 772 1946 exeipit
789 1851 1030 1946 modesteque,
1044 1870 1079 1924 et
1091 1853 1154 1922 ad-

76 1995 170 2040 versa
189 1984 389 2039 constanter
407 1993 447 2038 ac
467 1969 613 2036 fortiter.
636 1969 708 2062 Qui
728 1969 809 2038 iicet
825 1969 977 2062 prudeus
989 1972 1056 2055 sit,
1074 1970 1156 2038 lieet

79 2105 197 2158 exacto
215 2087 318 2156 faeiat
334 2085 621 2180 cunctajudicio,
640 2086 722 2154 lieet
744 2084 835 2153 nibil
857 2110 959 2180 supra
972 2088 1065 2156 vires
1079 2111 1157 2155 susa

78 2221 183 2274 tentet
193 2234 204 2292 3
216 2228 288 2273 nou
300 2193 495 2296 continget⁶
508 2201 559 2270 itti
569 2202 698 2271 bouum
710 2202 797 2271 iilud
809 2204 1002 2297 integrum,
1019 2220 1054 2273 et
1064 2221 1157 2272 extra

81 2325 187 2392 minas
201 2323 372 2416 positum,
389 2321 456 2389 uisi
469 2335 583 2389 certus
591 2318 755 2389 adversus
765 2322 896 2388 ineerta
906 2337 969 2390 est.
982 2322 1062 2391 Sive
1072 2322 1157 2391 aiios
1180 2335 1198 2400 4

79 2441 261 2510 observare
275 2438 424 2509 volueris
444 2438 612 2528 (liberius
634 2438 724 2506 enim
747 2439 838 2507 iuter
853 2437 966 2507 aliena
986 2440 1157 2533 judicium

79 2553 166 2648 est),
186 2556 260 2622 sive
281 2569 313 2622 te
330 2555 462 2647 ipsum,
485 2553 600 2622 furore
623 2554 787 2645 seposito;
810 2568 846 2620 et
868 2555 993 2622 senties
1015 2554 1102 2638 boe,
1123 2571 1158 2622 et

79 2670 321 2752 eonfiteberis,
345 2668 434 2738 nibil
453 2692 494 2736 ex
516 2668 571 2737 bis
589 2668 797 2762 optabilibus
809 2685 845 2737 et
858 2671 947 2737 caris
961 2669 1048 2737 utile
1060 2693 1155 2754 esse,

79 2789 196 2856 uisite
214 2803 334 2855 eontra
348 2785 519 2854 levitatem
535 2807 654 2870 meua,
671 2808 857 2878 rerumque
875 2808 989 2858 casum
1010 2810 1158 2878 sequen-
1277 2792 1281 2804 “

80 2908 183 2990 tium,
206 2905 425 2988 instruxerim
442 2903 509 2972 uisi
525 2902 610 2970 iilud
625 2902 838 2995 frequenter,
857 2919 893 2971 et
904 2905 979 2973 siue
993 2905 1156 2996 querela,

79 3025 170 3092 inter
198 3021 336 3116 singula
363 3019 486 3088 damus
513 3017 639 3088 dixeris
664 3046 672 3086 ι
697 3021 774 3090 Diis
799 3019 901 3087 aliter
925 3021 1037 3088 visum
1069 3026 1158 3090 ⁷est.

82 3210 600 3290 turwotiuuavideauturanobisreiieta,
653 3213 686 3264 A.
701 3211 796 3264 Aberat
806 3231 866 3265 cum
883 3212 993 3285 vulgatis
1012 3213 1069 3266 edd.
1079 3211 1162 3266 Scbw.

83 3313 157 3364 quam
170 3311 219 3346 noa
230 3293 263 3344 ab
273 3291 340 3352 itti„
352 3289 415 3343 adeo
427 3309 501 3362 raquo
513 3289 600 3342 animo
684 3291 708 3341 5.
719 3289 815 3344 Rectus
824 3301 904 3358 atque
912 3295 1017 3361 integer.
1025 3293 1045 3344 1.
1055 3293 1162 3366 sapiens.

82 3375 186 3428 iliorum
198 3370 462 3442 solamurjaeturam!
651 3365 724 3439 Seps
746 3386 762 3420 a
786 3380 872 3422 nostro
894 3369 1044 3424 destribitur
1070 3371 1162 3424 eodem

117 3475 138 3508 r.
184 3459 215 3507 ui
225 3447 371 3506 babetilla.
388 3451 444 3522 an'
455 3471 484 3503 ex
495 3449 601 3522 eonjeet.
650 3445 728 3497 modo
744 3465 809 3512 ‚uee
820 3445 920 3500 abludit
933 3449 1023 3502 Horat.
1036 3450 1068 3502 ad
1080 3450 1162 3503 Licin.

84 3534 194 3598 terrui,
207 3551 288 3604 quum
301 3533 394 3600 siquis
403 3528 531 3582 dedissent
541 3540 601 3580 vett.
651 3522 737 3576 Carru-
750 3525 787 3587 ΙΙ,
800 3545 838 3578 ro.
856 3526 909 3593 lii,
924 3547 964 3597 aq
977 3528 1010 3580 al.
1019 3529 1162 3581 Fortunam

84 3610 156 3675 tibri3
168 3608 241 3681 quod
252 3621 343 3660 teneus
355 3608 489 3672 Erasmus,
503 3605 601 3660 bodens
650 3600 741 3656 ludum
755 3603 843 3657 ludere
858 3605 1082 3662 turnboruiuibua
1097 3625 1162 3680 saepe
1189 3615 1194 3627 ¹

85 3710 112 3743 ex
123 3689 234 3758 roujeet.
244 3685 334 3738 edidit.
345 3684 427 3738 Schts·
651 3681 795 3749 crudelem,
805 3683 898 3735 minari
909 3696 934 3736 et
940 3683 1014 3736 malis
1025 3682 1161 3736 bominum

116 3785 139 3816 a.
147 3765 258 3817 Errant.
268 3763 332 3816 Fere
340 3779 428 3814 omues
437 3772 526 3833 praeter
534 3760 603 3813 Stoi·
651 3747 850 3893 ςιυάοιὲᾗοὶι
861 3775 897 3816 est
907 3763 1063 3834 antiquitatis
1072 3764 1163 3838 opinio'

85 3865 126 3895 tos
144 3841 310 3914 philosophi,
328 3853 403 3912 atque
422 3841 453 3893 de
470 3839 510 3892 bis
527 3839 602 3892 rebus
651 3840 692 3892 vei
708 3862 738 3894 ea
774 3841 854 3894 ontio
868 3841 952 3894 Canu.
963 3860 1037 3913 supra
1048 3841 1117 3896 laud.
1129 3840 1162 3894 ad

85 3919 324 3995 semperdigladiati
332 3931 392 3974 suut
401 3919 520 3972 invitem.
529 3918 601 3993 Seps
650 3919 757 3973 Macen.
771 3920 821 3971 0d.
830 3934 881 3985 111,
894 3939 942 3991 aq,
953 3921 1043 3993 ”sqq
1053 3941 1107 3991 sqq.
1118 3920 1154 3974 R.

87 3999 139 4070 jam
151 4000 308 4053 monuimus.
318 3995 409 4048 Ruit.
684 3997 708 4050 b.
725 3999 865 4069 Continget.
875 3999 964 4072 Vulgo
982 4003 1120 4069 comingit,
1138 4011 1163 4053 et

120 4081 146 4132 Ι.
160 4081 263 4134 Holus.
276 4078 407 4152 Rubkopi.
418 4095 476 4130 eum
488 4075 601 4148 quinque
651 4095 710 4129 mox
728 4087 808 4130 extra
825 4077 1036 4150 minassortunoe
1046 4079 1162 4147 pastum

89 4159 164 4213 aodd
177 4159 248 4214 addit
259 4161 375 4212 artimus·
653 4154 711 4208 edd.
726 4155 814 4208 invitia
826 4175 886 4211 mss.
897 4157 978 4210 Sata.

122 4240 319 4308 LCnmspeot'e·
327 4236 370 4292 Sit
383 4235 502 4290 exhibent
508 4255 535 4288 o.
545 4233 602 4288 alt.
685 4255 709 4300 7.
722 4233 786 4288 Diis
797 4237 877 4289 aliter
888 4237 987 4289 visum.
997 4233 1082 4304 Quam
1096 4234 1163 4288 bene

838 4446 903 4586 θ
