2950 4934
411 503 680 574 EPISTOLA
703 503 850 576 CVIII.
1106 533 1171 602 ²²7

108 647 254 734 nonno,
275 638 350 707 dies
366 635 521 730 placeat,
540 653 576 706 et
595 633 774 729 redigatur
796 636 835 704 in
855 650 1007 706 nostrum
1023 639 1048 704 ³.
1068 635 1173 729 Quod

109 761 200 852 fugit,
221 754 456 850 occupandum
472 768 537 823 est.
554 755 630 822 Hoc
647 775 717 821 uon
733 753 862 846 cogitat
878 751 936 820 ille
945 802 956 838 ,
977 753 1038 844 qui
1050 755 1175 830 Grsm*

108 875 209 944 matiei
217 873 327 942 oeulis
337 895 475 941 eermen
485 867 578 938 istud
589 869 694 966 legit,
708 869 786 938 ideo
799 895 815 934 n
828 870 995 962 optimum
1004 894 1174 963 quemque

109 994 246 1086 primum
261 1013 336 1060 esse
353 987 467 1072 diem,
486 1014 503 1050 n
520 988 601 1080 quis
620 987 768 1057 subeunt
781 984 910 1068 morbi,
926 987 1005 1078 quia
1019 1004 1175 1060 senectus

109 1109 240 1202 premit,
263 1121 299 1174 et
314 1104 429 1174 adhuc
440 1102 703 1174 adolescentiam
718 1101 945 1194 cogitantibus
957 1125 1060 1196 supro
1074 1120 1176 1196 caput

109 1237 175 1289 ess:
190 1221 254 1290 sed
270 1221 337 1306 ait,
356 1218 541 1312 Virgilium
559 1239 694 1310 semper
710 1239 780 1286 una
803 1239 934 1309 ponere
952 1243 968 1282 n
985 1217 1123 1286 morbos
1142 1233 1177 1289 et

110 1353 322 1410 senectutem.
339 1362 356 1400 n
368 1338 465 1421 Non,
477 1333 708 1416 mehercules,
721 1335 909 1420 immerito3
922 1349 1077 1411 senectus
1086 1335 1177 1404 euim

109 1455 300 1526 insanabilis
315 1453 456 1524 morbus
470 1467 533 1522 est.
552 1454 739 1537 Praetereo,
768 1453 899 1544 inquit,
922 1453 989 1522 hoo
1009 1453 1176 1524 senectuti
1205 1481 1237 1536 ας

109 1597 292 1667 oognomen
303 1573 433 1666 posuit,
450 1573 576 1638 tristem
590 1569 683 1638 illam
695 1583 794 1639 vocat
811 1596 818 1635 ι

268 1749 409 1769 .........
425 1713 541 1769 subeunt
550 1713 649 1778 morbi,
662 1712 791 1785 tristisque
802 1725 923 1767 senectus.

150 1839 226 1905 Non
238 1851 289 1905 est
302 1834 395 1928 quod
408 1835 562 1916 mireris,
580 1858 621 1901 ex
634 1833 754 1902 eadem
769 1836 910 1902 materia
923 1835 993 1903 suis
1007 1851 1178 1927 quemque
1249 1865 1252 1870 ·

109 1953 223 2022 studiis
230 1968 311 2046 spts
319 1953 494 2043 colligere.
508 1953 549 2017 In
561 1948 680 2020 eodem
694 1965 792 2044 proto
805 1951 866 2019 bos
880 1949 1021 2020 herbam
1036 1953 1176 2042 quaerit,

109 2074 195 2142 esuis
211 2072 383 2163 leporem,
403 2055 537 2136 cioonis
555 2067 733 2137 lacertum.
752 2069 869 2161 Quum
883 2069 1060 2138 Ciceronis
1074 2067 1180 2136 libros

109 2186 357 2278 dellepnblico²
367 2183 507 2278 prendit
519 2182 602 2252 hino
610 2184 810 2278 Philologus
819 2186 958 2276 aliquis,
974 2177 1181 2254 hincGram-

108 2305 245 2372 msticus
254 2301 355 2384 ‚hinc
368 2301 598 2393 Philosophire
609 2301 746 2402 deditus
758 2330 767 2387 3
781 2301 867 2370 alius
878 2302 944 2370 alio
957 2319 1073 2370 curam
1086 2325 1178 2369 sunm

108 2419 220 2486 mittit.
230 2417 458 2510 Philosophus
469 2415 671 2498 admiretur,
687 2432 836 2486 «eontra
844 2411 1014 2489 iustitiam
1029 2417 1098 2489 dici
1111 2401 1179 2489 tam
1207 2427 1240 2487 30·

109 2535 209 2628 mqlta
226 2563 244 2598 n
261 2535 425 2628 potuisse.
442 2533 559 2626 Quum
572 2531 618 2600 ad
631 2534 721 2602 hanc
734 2534 888 2602 eamdem
902 2535 1083 2604 lectionem
1098 2537 1180 2604 Phi·
1198 2565 1199 2576 ¹

109 2650 238 2745 lologus
252 2652 415 2734 accessit,
440 2652 508 2720 hoo
525 2649 686 2720 subnotat
707 2676 716 2717 r
743 2677 762 2716 n
779 2653 875 2724 Duos
892 2654 1062 2720 Romanos
1081 2675 1180 2744 reges

109 2789 198 2850 esse,
221 2791 368 2858 quorum
384 2766 471 2834 alter
487 2780 617 2858 petrem
637 2765 844 2850 nonhabet,
866 2765 953 2833 alter
970 2783 1110 2834 matrem
1131 2794 1139 2832 ι
1160 2793 1177 2828 n

109 2908 185 2953 nam
200 2881 244 2969 de
259 2883 371 2951 Servii
384 2896 491 2950 matre
504 2879 698 2967 dubitatum
718 2883 806 2952 Anci
822 2897 918 2974 pater
933 2881 1048 2950 nullus
1060 2875 1092 2969 ³3
1109 2885 1139 2950 N
1143 2909 1183 2949 u-

108 3100 336 3174 pon'seeleritstem
346 3139 354 3166 ,
363 3102 442 3170 quum
458 3099 510 3171 ism
520 3112 618 3173 tempus
665 3100 774 3172 publica
788 3121 817 3152 ex
830 3101 929 3153 Erssmi
945 3094 1052 3174 conjeci.
1069 3091 1182 3175 adjecto,

109 3178 219 3253 elapsum
229 3178 318 3242 tuerit,
328 3189 352 3229 et
361 3197 407 3229 uos
415 3177 546 3248 reliquerit
554 3199 619 3230 eun·
669 3192 735 3231 recte
749 3199 816 3232 vero.
826 3179 903 3231 Cous.
915 3200 938 3250 p.
954 3177 1008 3243 141,
1023 3179 1038 3233 3
1051 3199 1087 3250 sq.
1100 3179 1143 3231 ubi
1157 3179 1183 3230 in

107 3266 217 3323 stantes,
237 3269 261 3309 et
273 3257 364 3308 trustra
380 3257 529 3329 praeteritsm
541 3257 619 3310 vitem
669 3275 717 3309 ms.
734 3277 762 3308 a.
782 3277 827 3331 pro
848 3259 880 3308 de
896 3255 1041 3322 Republica
1060 3277 1184 3330 compen-

109 3331 288 3386 desidersntes.
670 3333 741 3386 ‹liose
754 3333 790 3388 si'c
802 3333 918 3386 scribitur
924 3336 957 3386 dr
964 3355 997 3387 re.
1005 3356 1031 3405 p.
1044 3357 1072 3388 ex
1084 3357 1134 3408 quo
1144 3357 1184 3388 er-

141 3431 163 3462 r.
172 3411 325 3480 Redtgatur
336 3414 364 3462 in
375 3421 501 3463 nostrum.
509 3412 619 3484 Usurpe·
671 3413 734 3465 roris
745 3413 818 3486 origo
829 3412 854 3464 h.
865 3411 882 3464 l.
895 3414 996 3466 admissi
1007 3415 1065 3468 sutis
1076 3415 1184 3490 apparel.

108 3507 163 3540 mus
177 3501 205 3541 et
218 3489 342 3541 truamur.
358 3489 420 3542 Dies
431 3489 500 3541 enim
511 3491 547 3543 ite
557 3489 623 3542 liunt
671 3489 753 3543 Scnn.
763 3520 796 3532 -
806 3491 936 3544 Ciceronis
948 3493 1027 3546 libros
1038 3497 1070 3546 de
1082 3495 1186 3560 Repnh.

110 3565 188 3618 nostri
207 3566 293 3637 (poete
311 3577 383 3618 vetus
397 3585 404 3619 r
419 3565 461 3618 hie
476 3587 550 3620 meus
571 3580 621 3632 est,
669 3568 787 3640 periisse,
801 3582 889 3640 praeter
906 3573 1076 3642 fragmentum
1091 3593 1103 3623 e
1118 3565 1185 3624 libro

108 3646 216 3710 diem,
226 3647 293 3702 ds'esl
303 3665 310 3709 ;
319 3645 397 3697 alieni
404 3657 429 3698 et
437 3645 504 3700 nihil
515 3646 547 3698 ad
559 3667 619 3716 nos,
671 3646 719 3707 Vl,
732 3645 868 3699 Somnium
878 3647 1017 3720 Scipionis,
1030 3669 1043 3699 a
1054 3649 1184 3702 Merrolrio

110 3723 153 3792 qui
167 3723 312 3776 elabuntur.
324 3723 398 3790 lr'ps.
671 3738 846 3779 conservatum
859 3739 883 3779 et
896 3726 1048 3782 illustratum
1065 3731 1074 3794 (
1086 3742 1109 3780 et
1121 3749 1186 3780 non·

141 3821 164 3852 s.
183 3804 312 3856 Ciceronis
330 3801 411 3854 libros
429 3803 462 3854 de
478 3803 622 3872 Republica
672 3803 743 3855 nulle
755 3824 835 3878 nuper
848 3803 942 3856 aMsio
957 3811 1081 3877 reperta),
1096 3817 1186 3859 notum

107 3883 221 3948 prendit.
237 3879 282 3932 Sit
298 3878 354 3931 edd.
369 3879 534 3932 intrantur.
548 3884 624 3935 Cice·
673 3893 716 3932 est.
731 3881 796 3952 Quae
809 3881 852 3938 hic
867 3881 1025 3957 philologum
1041 3898 1139 3938 notasse
1152 3884 1188 3938 sit

110 3960 292 4012 ministrorum
306 3959 456 4024 deprendit,
470 3977 516 4012 ms.
531 3979 557 4010 α.
573 3962 623 4014 Cic.
672 3961 780 4026 Noster,
795 3981 823 4012 es
837 3959 927 4013 Cicero
936 3962 1037 4016 Tuscul.
1048 3965 1097 4033 Qu.
1111 3963 1159 4028 IV,
1176 3984 1184 4014 r

109 4037 207 4089 nomm
219 4035 387 4106 deprehendit
399 4037 439 4089 ed.
457 4035 492 4089 ll.
510 4035 624 4089 Absurde
672 4058 774 4110 quoque
788 4050 910 4090 memorat
926 4056 932 4090 :
951 4041 981 4092 rt.
993 4037 1137 4092 Millrlleton
1154 4063 1187 4093 on

110 4133 213 4185 prossus
222 4115 349 4168 Ciceronis
356 4114 441 4166 cibum
449 4113 623 4182 deprehendit,
673 4115 714 4167 tlre
724 4136 817 4168 roman
827 4117 1000 4180 senore(v01.
1014 4117 1051 4170 lll
1059 4157 1067 4184 ,
1081 4140 1105 4191 p.
1122 4119 1186 4188 395,

109 4209 131 4243 e.
140 4193 180 4244 A.
192 4193 245 4245 Cic.
254 4193 352 4246 lihnsm
362 4192 395 4243 de
405 4191 550 4262 RepublIca
560 4213 625 4261 pre-
674 4192 876 4247 Miscellaneam
892 4191 940 4246 W
937 4195 1018 4263 ortu).

110 4267 216 4335 tarde,
229 4269 270 4322 ed.
279 4269 323 4322 Er.
333 4288 424 4340 nempe
434 4268 558 4323 voeabulo
569 4269 626 4323 lte-
709 4271 731 4324 3.
749 4275 819 4326 Anci
833 4283 910 4340 pater
926 4275 1022 4327 nullus.
1032 4273 1099 4344 Quis
1116 4275 1189 4328 lemae
