<?xml version="1.0" encoding="UTF-8"?>
<!DOCTYPE html PUBLIC "-//W3C//DTD XHTML 1.0 Transitional//EN"
    "http://www.w3.org/TR/xhtml1/DTD/xhtml1-transitional.dtd">
<html xmlns="http://www.w3.org/1999/xhtml" xml:lang="en" lang="en">
 <head>
  <title>
</title>
<meta http-equiv="Content-Type" content="text/html;charset=utf-8" />
  <meta name='ocr-system' content='tesseract 3.04.00' />
  <meta name='ocr-capabilities' content='ocr_page ocr_carea ocr_par ocr_line ocrx_word'/>
</head>
<body>
  <div class='ocr_page' id='page_1' title='image "./lannsenecparspr04bouigoog_0150.png"; bbox 0 0 2950 4934; ppageno 0'>
   <div class='ocr_carea' id='block_1_1' title="bbox 278 465 1396 2470">
    <p class='ocr_par' dir='ltr' id='par_1_1' title="bbox 278 465 1396 2470">
     <span class='ocr_line' id='line_1_1' title="bbox 325 465 1098 558; baseline 0.003 -2"><span class='ocrx_word' id='word_1_1' title='bbox 325 486 385 556; x_wconf 70' lang='lat' dir='ltr'><strong>us</strong></span> <span class='ocrx_word' id='word_1_2' title='bbox 616 465 657 554; x_wconf 76' lang='grc' dir='ltr'><strong>ι’.</strong></span> <span class='ocrx_word' id='word_1_3' title='bbox 682 483 861 554; x_wconf 78' lang='lat' dir='ltr'><strong>suum</strong></span> <span class='ocrx_word' id='word_1_4' title='bbox 883 486 1098 558; x_wconf 75' lang='lat' dir='ltr'><strong>serron</strong></span> 
     </span>
     <span class='ocr_line' id='line_1_2' title="bbox 319 612 1396 712; baseline 0.008 -30"><span class='ocrx_word' id='word_1_5' title='bbox 319 615 415 684; x_wconf 91' lang='lat' dir='ltr'><strong>tulit¹</strong></span> <span class='ocrx_word' id='word_1_6' title='bbox 433 629 513 682; x_wconf 87' lang='lat' dir='ltr'><strong>aute</strong></span> <span class='ocrx_word' id='word_1_7' title='bbox 527 612 699 708; x_wconf 88' lang='lat' dir='ltr'><strong>judicium</strong></span> <span class='ocrx_word' id='word_1_8' title='bbox 715 613 873 700; x_wconf 78' lang='lat' dir='ltr'><strong>adulter,</strong></span> <span class='ocrx_word' id='word_1_9' title='bbox 893 616 932 688; x_wconf 91' lang='lat' dir='ltr'><strong>in</strong></span> <span class='ocrx_word' id='word_1_10' title='bbox 950 616 1084 711; x_wconf 87' lang='lat' dir='ltr'><strong>judicio</strong></span> <span class='ocrx_word' id='word_1_11' title='bbox 1098 617 1198 707; x_wconf 86' lang='lat' dir='ltr'><strong>leno;</strong></span> <span class='ocrx_word' id='word_1_12' title='bbox 1216 621 1277 712; x_wconf 86' lang='lat' dir='ltr'><strong>qui</strong></span> <span class='ocrx_word' id='word_1_13' title='bbox 1293 619 1396 691; x_wconf 81' lang='lat' dir='ltr'><strong>dam-</strong></span> 
     </span>
     <span class='ocr_line' id='line_1_3' title="bbox 318 732 1394 831; baseline 0.008 -31"><span class='ocrx_word' id='word_1_14' title='bbox 318 732 489 802; x_wconf 87' lang='lat' dir='ltr'><strong>nationem</strong></span> <span class='ocrx_word' id='word_1_15' title='bbox 509 732 608 825; x_wconf 90' lang='lat' dir='ltr'><strong>pejus</strong></span> <span class='ocrx_word' id='word_1_16' title='bbox 626 733 768 828; x_wconf 78' lang='lat' dir='ltr'><strong>cffugit,</strong></span> <span class='ocrx_word' id='word_1_17' title='bbox 791 758 894 827; x_wconf 83' lang='lat' dir='ltr'><strong>quam</strong></span> <span class='ocrx_word' id='word_1_18' title='bbox 911 736 1049 813; x_wconf 74' lang='lat' dir='ltr'><strong>meruit.</strong></span> <span class='ocrx_word' id='word_1_19' title='bbox 1069 736 1268 831; x_wconf 82' lang='lat' dir='ltr'><strong>Quidquam</strong></span> <span class='ocrx_word' id='word_1_20' title='bbox 1284 739 1394 808; x_wconf 77' lang='lat' dir='ltr'><strong>istisce</strong></span> 
     </span>
     <span class='ocr_line' id='line_1_4' title="bbox 318 849 1394 946; baseline 0.006 -27"><span class='ocrx_word' id='word_1_21' title='bbox 318 852 513 946; x_wconf 83' lang='lat' dir='ltr'><strong>corruptius</strong></span> <span class='ocrx_word' id='word_1_22' title='bbox 529 849 598 918; x_wconf 84' lang='lat' dir='ltr'><strong>illis</strong></span> <span class='ocrx_word' id='word_1_23' title='bbox 616 849 771 926; x_wconf 86' lang='lat' dir='ltr'><strong>moribus</strong></span> <span class='ocrx_word' id='word_1_24' title='bbox 786 851 921 936; x_wconf 81' lang='lat' dir='ltr'><strong>credis,</strong></span> <span class='ocrx_word' id='word_1_25' title='bbox 940 853 1067 946; x_wconf 68' lang='lat' dir='ltr'><strong>quibus</strong></span> <span class='ocrx_word' id='word_1_26' title='bbox 1078 853 1187 922; x_wconf 89' lang='lat' dir='ltr'><strong>libido</strong></span> <span class='ocrx_word' id='word_1_27' title='bbox 1200 878 1271 922; x_wconf 88' lang='lat' dir='ltr'><strong>nou</strong></span> <span class='ocrx_word' id='word_1_28' title='bbox 1284 859 1394 924; x_wconf 85' lang='lat' dir='ltr'><strong>sacris</strong></span> 
     </span>
     <span class='ocr_line' id='line_1_5' title="bbox 317 965 1393 1065; baseline 0.003 -27"><span class='ocrx_word' id='word_1_29' title='bbox 317 966 491 1051; x_wconf 82' lang='lat' dir='ltr'>inhiberi,</span> <span class='ocrx_word' id='word_1_30' title='bbox 509 991 580 1037; x_wconf 89' lang='lat' dir='ltr'><strong>uon</strong></span> <span class='ocrx_word' id='word_1_31' title='bbox 592 965 735 1061; x_wconf 89' lang='lat' dir='ltr'><strong>judiciis</strong></span> <span class='ocrx_word' id='word_1_32' title='bbox 751 984 903 1062; x_wconf 78' lang='lat' dir='ltr'><strong>potemt3</strong></span> <span class='ocrx_word' id='word_1_33' title='bbox 925 969 1051 1062; x_wconf 89' lang='lat' dir='ltr'><strong>quibus</strong></span> <span class='ocrx_word' id='word_1_34' title='bbox 1067 971 1104 1038; x_wconf 93' lang='lat' dir='ltr'><strong>in</strong></span> <span class='ocrx_word' id='word_1_35' title='bbox 1121 994 1162 1039; x_wconf 85' lang='lat' dir='ltr'><strong>en</strong></span> <span class='ocrx_word' id='word_1_36' title='bbox 1182 972 1254 1064; x_wconf 88' lang='lat' dir='ltr'><strong>ipsa</strong></span> <span class='ocrx_word' id='word_1_37' title='bbox 1277 995 1393 1065; x_wconf 74' lang='lat' dir='ltr'><strong>qums-</strong></span> 
     </span>
     <span class='ocr_line' id='line_1_6' title="bbox 317 1086 1390 1179; baseline 0.006 -25"><span class='ocrx_word' id='word_1_38' title='bbox 317 1087 433 1169; x_wconf 86' lang='lat' dir='ltr'><strong>tionc,</strong></span> <span class='ocrx_word' id='word_1_39' title='bbox 451 1111 527 1179; x_wconf 73' lang='lat' dir='ltr'><strong>qim</strong></span> <span class='ocrx_word' id='word_1_40' title='bbox 549 1102 644 1156; x_wconf 82' lang='lat' dir='ltr'><strong>extra</strong></span> <span class='ocrx_word' id='word_1_41' title='bbox 665 1086 822 1156; x_wconf 84' lang='lat' dir='ltr'>ordinem</span> <span class='ocrx_word' id='word_1_42' title='bbox 840 1088 1130 1158; x_wconf 80' lang='lat' dir='ltr'><strong>seuamsoonsulto</strong></span> <span class='ocrx_word' id='word_1_43' title='bbox 1148 1090 1390 1174; x_wconf 71' lang='lat' dir='ltr'>exercebatur,</span> 
     </span>
     <span class='ocr_line' id='line_1_7' title="bbox 278 1190 1388 1298; baseline -0.002 -22"><span class='ocrx_word' id='word_1_44' title='bbox 278 1223 293 1276; x_wconf 89' lang='lat'><strong><em>7</em></strong></span> <span class='ocrx_word' id='word_1_45' title='bbox 318 1202 417 1297; x_wconf 86' lang='lat' dir='ltr'><strong>plus,</strong></span> <span class='ocrx_word' id='word_1_46' title='bbox 439 1226 541 1294; x_wconf 90' lang='lat' dir='ltr'><strong>quam</strong></span> <span class='ocrx_word' id='word_1_47' title='bbox 567 1203 796 1296; x_wconf 84' lang='lat' dir='ltr'><strong>quaerebatur,</strong></span> <span class='ocrx_word' id='word_1_48' title='bbox 822 1203 1008 1274; x_wconf 80' lang='lat' dir='ltr'><strong>admissum</strong></span> <span class='ocrx_word' id='word_1_49' title='bbox 1031 1207 1124 1274; x_wconf 73' lang='lat' dir='ltr'><strong>est²l</strong></span> <span class='ocrx_word' id='word_1_50' title='bbox 1138 1190 1388 1298; x_wconf 69' lang='lat' dir='ltr'><strong>Querebatur,</strong></span> 
     </span>
     <span class='ocr_line' id='line_1_8' title="bbox 317 1319 1389 1417; baseline 0.003 -27"><span class='ocrx_word' id='word_1_51' title='bbox 317 1344 364 1390; x_wconf 86' lang='lat' dir='ltr'><strong>au</strong></span> <span class='ocrx_word' id='word_1_52' title='bbox 382 1334 458 1414; x_wconf 88' lang='lat' dir='ltr'><strong>post</strong></span> <span class='ocrx_word' id='word_1_53' title='bbox 474 1319 680 1390; x_wconf 79' lang='lat' dir='ltr'><strong>adulterium</strong></span> <span class='ocrx_word' id='word_1_54' title='bbox 703 1320 831 1412; x_wconf 87' lang='lat' dir='ltr'><strong>aliquis</strong></span> <span class='ocrx_word' id='word_1_55' title='bbox 845 1336 962 1416; x_wconf 91' lang='lat' dir='ltr'><strong>posset</strong></span> <span class='ocrx_word' id='word_1_56' title='bbox 983 1338 1076 1392; x_wconf 89' lang='lat' dir='ltr'><strong>tutus</strong></span> <span class='ocrx_word' id='word_1_57' title='bbox 1093 1345 1185 1412; x_wconf 67' lang='lat' dir='ltr'><strong>esse,</strong></span> <span class='ocrx_word' id='word_1_58' title='bbox 1204 1325 1389 1417; x_wconf 81' lang='lat' dir='ltr'><strong>apparuit,</strong></span> 
     </span>
     <span class='ocr_line' id='line_1_9' title="bbox 318 1427 1393 1534; baseline 0.002 -28"><span class='ocrx_word' id='word_1_59' title='bbox 318 1437 393 1506; x_wconf 87' lang='lat' dir='ltr'><strong>siue</strong></span> <span class='ocrx_word' id='word_1_60' title='bbox 404 1436 572 1512; x_wconf 87' lang='lat' dir='ltr'><strong>adulterio</strong></span> <span class='ocrx_word' id='word_1_61' title='bbox 585 1451 695 1506; x_wconf 93' lang='lat' dir='ltr'><strong>tutum</strong></span> <span class='ocrx_word' id='word_1_62' title='bbox 709 1461 783 1506; x_wconf 87' lang='lat' dir='ltr'><strong>esse</strong></span> <span class='ocrx_word' id='word_1_63' title='bbox 794 1462 865 1506; x_wconf 89' lang='lat' dir='ltr'><strong>non</strong></span> <span class='ocrx_word' id='word_1_64' title='bbox 876 1461 988 1532; x_wconf 88' lang='lat' dir='ltr'><strong>posse.</strong></span> <span class='ocrx_word' id='word_1_65' title='bbox 1005 1441 1080 1522; x_wconf 82' lang='lat' dir='ltr'><strong>Hoc</strong></span> <span class='ocrx_word' id='word_1_66' title='bbox 1091 1440 1182 1508; x_wconf 86' lang='lat' dir='ltr'><strong>iuter</strong></span> <span class='ocrx_word' id='word_1_67' title='bbox 1192 1427 1393 1534; x_wconf 80' lang='lat' dir='ltr'><strong>Pompeium</strong></span> 
     </span>
     <span class='ocr_line' id='line_1_10' title="bbox 319 1555 1393 1649; baseline 0.001 -26"><span class='ocrx_word' id='word_1_68' title='bbox 319 1568 355 1623; x_wconf 87' lang='lat' dir='ltr'><strong>et</strong></span> <span class='ocrx_word' id='word_1_69' title='bbox 372 1555 557 1639; x_wconf 72' lang='lat' dir='ltr'><strong>Caessrem,</strong></span> <span class='ocrx_word' id='word_1_70' title='bbox 576 1555 675 1624; x_wconf 88' lang='lat' dir='ltr'><strong>-iuter</strong></span> <span class='ocrx_word' id='word_1_71' title='bbox 699 1555 900 1624; x_wconf 83' lang='lat' dir='ltr'><strong>Ciceronem</strong></span> <span class='ocrx_word' id='word_1_72' title='bbox 918 1557 1152 1649; x_wconf 81' lang='lat' dir='ltr'><strong>Catonemque</strong></span> <span class='ocrx_word' id='word_1_73' title='bbox 1174 1557 1393 1635; x_wconf 85' lang='lat' dir='ltr'><strong>commissum</strong></span> 
     </span>
     <span class='ocr_line' id='line_1_11' title="bbox 319 1670 1395 1767; baseline 0.002 -29"><span class='ocrx_word' id='word_1_74' title='bbox 319 1684 391 1757; x_wconf 73' lang='lat' dir='ltr'><strong>cst,</strong></span> <span class='ocrx_word' id='word_1_75' title='bbox 409 1671 594 1755; x_wconf 84' lang='lat' dir='ltr'><strong>Catonem,</strong></span> <span class='ocrx_word' id='word_1_76' title='bbox 613 1673 772 1764; x_wconf 88' lang='lat' dir='ltr'><strong>inquam,</strong></span> <span class='ocrx_word' id='word_1_77' title='bbox 792 1673 911 1757; x_wconf 92' lang='lat' dir='ltr'><strong>illum,</strong></span> <span class='ocrx_word' id='word_1_78' title='bbox 932 1697 1002 1765; x_wconf 84' lang='lat' dir='ltr'><strong>quo</strong></span> <span class='ocrx_word' id='word_1_79' title='bbox 1014 1670 1155 1742; x_wconf 86' lang='lat' dir='ltr'><strong>sedente</strong></span> <span class='ocrx_word' id='word_1_80' title='bbox 1168 1672 1315 1767; x_wconf 90' lang='lat' dir='ltr'><strong>populus</strong></span> <span class='ocrx_word' id='word_1_81' title='bbox 1328 1697 1395 1740; x_wconf 84' lang='lat' dir='ltr'><strong>ne-</strong></span> 
     </span>
     <span class='ocr_line' id='line_1_12' title="bbox 294 1781 1392 1884; baseline 0 -28"><span class='ocrx_word' id='word_1_82' title='bbox 294 1799 296 1802; x_wconf 82' lang='grc'><strong>’</strong></span> <span class='ocrx_word' id='word_1_83' title='bbox 320 1802 421 1881; x_wconf 77' lang='lat' dir='ltr'><strong>gutur</strong></span> <span class='ocrx_word' id='word_1_84' title='bbox 435 1790 630 1882; x_wconf 73' lang='lat' dir='ltr'><strong>permisisse</strong></span> <span class='ocrx_word' id='word_1_85' title='bbox 643 1791 708 1858; x_wconf 87' lang='lat' dir='ltr'><strong>sibi</strong></span> <span class='ocrx_word' id='word_1_86' title='bbox 721 1790 894 1884; x_wconf 87' lang='lat' dir='ltr'><strong>postulare</strong></span> <span class='ocrx_word' id='word_1_87' title='bbox 911 1789 1063 1858; x_wconf 72' lang='lat' dir='ltr'><strong>Florales</strong></span> <span class='ocrx_word' id='word_1_88' title='bbox 1072 1781 1190 1882; x_wconf 82' lang='lat' dir='ltr'><strong>jocos³</strong></span> <span class='ocrx_word' id='word_1_89' title='bbox 1209 1782 1392 1858; x_wconf 83' lang='lat' dir='ltr'><strong>nudanda-</strong></span> 
     </span>
     <span class='ocr_line' id='line_1_13' title="bbox 317 1902 1389 2000; baseline 0.001 -29"><span class='ocrx_word' id='word_1_90' title='bbox 317 1927 396 1972; x_wconf 85' lang='lat' dir='ltr'><strong>rum</strong></span> <span class='ocrx_word' id='word_1_91' title='bbox 409 1905 640 1974; x_wconf 87' lang='lat' dir='ltr'><strong>meretricum.</strong></span> <span class='ocrx_word' id='word_1_92' title='bbox 657 1906 778 1975; x_wconf 88' lang='lat' dir='ltr'><strong>Credis</strong></span> <span class='ocrx_word' id='word_1_93' title='bbox 787 1923 954 2000; x_wconf 72' lang='lat' dir='ltr'><strong>spectasse</strong></span> <span class='ocrx_word' id='word_1_94' title='bbox 966 1923 1049 1975; x_wconf 90' lang='lat' dir='ltr'><strong>tunc</strong></span> <span class='ocrx_word' id='word_1_95' title='bbox 1058 1902 1209 1975; x_wconf 86' lang='lat' dir='ltr'><strong>severius</strong></span> <span class='ocrx_word' id='word_1_96' title='bbox 1218 1906 1389 1990; x_wconf 89' lang='lat' dir='ltr'><strong>homines,</strong></span> 
     </span>
     <span class='ocr_line' id='line_1_14' title="bbox 318 2021 1393 2115; baseline 0.002 -27"><span class='ocrx_word' id='word_1_97' title='bbox 318 2037 422 2114; x_wconf 83' lang='lat' dir='ltr'><strong>quam</strong></span> <span class='ocrx_word' id='word_1_98' title='bbox 435 2021 633 2115; x_wconf 79' lang='lat' dir='ltr'><strong>judicasse?</strong></span> <span class='ocrx_word' id='word_1_99' title='bbox 647 2026 690 2091; x_wconf 88' lang='lat' dir='ltr'><strong>Et</strong></span> <span class='ocrx_word' id='word_1_100' title='bbox 707 2025 811 2105; x_wconf 86' lang='lat' dir='ltr'><strong>fient,</strong></span> <span class='ocrx_word' id='word_1_101' title='bbox 833 2041 868 2092; x_wconf 87' lang='lat' dir='ltr'><strong>et</strong></span> <span class='ocrx_word' id='word_1_102' title='bbox 888 2025 976 2092; x_wconf 84' lang='lat' dir='ltr'><strong>lacta</strong></span> <span class='ocrx_word' id='word_1_103' title='bbox 993 2025 1057 2091; x_wconf 84' lang='lat' dir='ltr'><strong>ista</strong></span> <span class='ocrx_word' id='word_1_104' title='bbox 1076 2039 1156 2092; x_wconf 87' lang='lat' dir='ltr'><strong>suut</strong></span> <span class='ocrx_word' id='word_1_105' title='bbox 1171 2045 1180 2090; x_wconf 74' lang='grc' dir='ltr'><em>τ</em></span> <span class='ocrx_word' id='word_1_106' title='bbox 1196 2039 1231 2092; x_wconf 86' lang='lat' dir='ltr'><strong>et</strong></span> <span class='ocrx_word' id='word_1_107' title='bbox 1252 2023 1393 2091; x_wconf 86' lang='lat' dir='ltr'><strong>licentia</strong></span> 
     </span>
     <span class='ocr_line' id='line_1_15' title="bbox 320 2133 1388 2229; baseline 0.002 -27"><span class='ocrx_word' id='word_1_108' title='bbox 320 2133 472 2220; x_wconf 87' lang='lat' dir='ltr'><strong>urbium,</strong></span> <span class='ocrx_word' id='word_1_109' title='bbox 484 2134 669 2227; x_wconf 87' lang='lat' dir='ltr'><strong>aliquando</strong></span> <span class='ocrx_word' id='word_1_110' title='bbox 679 2135 1045 2229; x_wconf 86' lang='lat' dir='ltr'><strong>disciplinametuque,</strong></span> <span class='ocrx_word' id='word_1_111' title='bbox 1060 2159 1235 2228; x_wconf 89' lang='lat' dir='ltr'><strong>nunquam</strong></span> <span class='ocrx_word' id='word_1_112' title='bbox 1246 2151 1388 2228; x_wconf 87' lang='lat' dir='ltr'><strong>sponte,</strong></span> 
     </span>
     <span class='ocr_line' id='line_1_16' title="bbox 279 2247 1392 2351; baseline 0.004 -36"><span class='ocrx_word' id='word_1_113' title='bbox 279 2263 296 2315; x_wconf 85' lang='lat' dir='ltr'><strong>a</strong></span> <span class='ocrx_word' id='word_1_114' title='bbox 315 2247 491 2320; x_wconf 86' lang='lat' dir='ltr'><strong>considet.</strong></span> <span class='ocrx_word' id='word_1_115' title='bbox 511 2255 588 2321; x_wconf 87' lang='lat' dir='ltr'><strong>Non</strong></span> <span class='ocrx_word' id='word_1_116' title='bbox 606 2268 658 2320; x_wconf 84' lang='lat' dir='ltr'><strong>cst</strong></span> <span class='ocrx_word' id='word_1_117' title='bbox 671 2248 807 2346; x_wconf 77' lang='lat' dir='ltr'><strong>iuque⁴</strong></span> <span class='ocrx_word' id='word_1_118' title='bbox 828 2253 921 2345; x_wconf 91' lang='lat' dir='ltr'><strong>quod</strong></span> <span class='ocrx_word' id='word_1_119' title='bbox 943 2251 1083 2336; x_wconf 87' lang='lat' dir='ltr'><strong>credas,</strong></span> <span class='ocrx_word' id='word_1_120' title='bbox 1100 2275 1192 2321; x_wconf 89' lang='lat' dir='ltr'><strong>nunc</strong></span> <span class='ocrx_word' id='word_1_121' title='bbox 1203 2253 1392 2351; x_wconf 84' lang='lat' dir='ltr'><strong>plurimum</strong></span> 
     </span>
     <span class='ocr_line' id='line_1_17' title="bbox 319 2366 1393 2470; baseline 0.002 -36"><span class='ocrx_word' id='word_1_122' title='bbox 319 2366 457 2435; x_wconf 86' lang='lat' dir='ltr'><strong>lrbrdmr</strong></span> <span class='ocrx_word' id='word_1_123' title='bbox 472 2368 674 2461; x_wconf 88' lang='lat' dir='ltr'><strong>permissum</strong></span> <span class='ocrx_word' id='word_1_124' title='bbox 693 2392 786 2454; x_wconf 84' lang='lat' dir='ltr'><strong>esse,</strong></span> <span class='ocrx_word' id='word_1_125' title='bbox 807 2368 940 2463; x_wconf 78' lang='lat' dir='ltr'><strong>legibus</strong></span> <span class='ocrx_word' id='word_1_126' title='bbox 958 2369 1148 2470; x_wconf 87' lang='lat' dir='ltr'><strong>minimum.</strong></span> <span class='ocrx_word' id='word_1_127' title='bbox 1167 2372 1283 2465; x_wconf 77' lang='lat' dir='ltr'><strong>Longe</strong></span> <span class='ocrx_word' id='word_1_128' title='bbox 1298 2370 1393 2437; x_wconf 89' lang='lat' dir='ltr'><strong>enim</strong></span> 
     </span>
    </p>
   </div>
   <div class='ocr_carea' id='block_1_2' title="bbox 319 2467 1394 2930">
    <p class='ocr_par' dir='ltr' id='par_1_2' title="bbox 319 2467 1394 2930">
     <span class='ocr_line' id='line_1_18' title="bbox 320 2467 1394 2580; baseline 0 -27"><span class='ocrx_word' id='word_1_129' title='bbox 320 2484 487 2578; x_wconf 78' lang='lat' dir='ltr'><strong>frugalior</strong></span> <span class='ocrx_word' id='word_1_130' title='bbox 498 2467 573 2554; x_wconf 77' lang='lat' dir='ltr'><strong>haic</strong></span> <span class='ocrx_word' id='word_1_131' title='bbox 583 2486 767 2580; x_wconf 85' lang='lat' dir='ltr'><strong>juventus,</strong></span> <span class='ocrx_word' id='word_1_132' title='bbox 785 2511 886 2579; x_wconf 81' lang='lat' dir='ltr'><strong>quom</strong></span> <span class='ocrx_word' id='word_1_133' title='bbox 900 2485 978 2572; x_wconf 86' lang='lat' dir='ltr'><strong>illa,</strong></span> <span class='ocrx_word' id='word_1_134' title='bbox 995 2503 1063 2574; x_wconf 87' lang='lat' dir='ltr'><strong>est,</strong></span> <span class='ocrx_word' id='word_1_135' title='bbox 1081 2509 1187 2580; x_wconf 91' lang='lat' dir='ltr'><strong>quum</strong></span> <span class='ocrx_word' id='word_1_136' title='bbox 1202 2509 1278 2554; x_wconf 87' lang='lat' dir='ltr'><strong>reus</strong></span> <span class='ocrx_word' id='word_1_137' title='bbox 1291 2484 1394 2554; x_wconf 89' lang='lat' dir='ltr'><strong>adul-</strong></span> 
     </span>
     <span class='ocr_line' id='line_1_19' title="bbox 319 2599 1394 2696; baseline 0.002 -28"><span class='ocrx_word' id='word_1_138' title='bbox 319 2603 443 2670; x_wconf 89' lang='lat' dir='ltr'><strong>terium</strong></span> <span class='ocrx_word' id='word_1_139' title='bbox 461 2599 554 2696; x_wconf 88' lang='lat' dir='ltr'><strong>apud</strong></span> <span class='ocrx_word' id='word_1_140' title='bbox 571 2601 708 2695; x_wconf 87' lang='lat' dir='ltr'><strong>judices</strong></span> <span class='ocrx_word' id='word_1_141' title='bbox 726 2618 888 2696; x_wconf 78' lang='lat' dir='ltr'><strong>negaret,</strong></span> <span class='ocrx_word' id='word_1_142' title='bbox 903 2603 1039 2696; x_wconf 86' lang='lat' dir='ltr'><strong>judices</strong></span> <span class='ocrx_word' id='word_1_143' title='bbox 1056 2601 1148 2696; x_wconf 78' lang='lat' dir='ltr'><strong>apud</strong></span> <span class='ocrx_word' id='word_1_144' title='bbox 1165 2626 1261 2671; x_wconf 90' lang='lat' dir='ltr'><strong>reum</strong></span> <span class='ocrx_word' id='word_1_145' title='bbox 1281 2603 1394 2670; x_wconf 88' lang='lat' dir='ltr'><strong>conli-</strong></span> 
     </span>
     <span class='ocr_line' id='line_1_20' title="bbox 319 2717 1393 2813; baseline 0.004 -29"><span class='ocrx_word' id='word_1_146' title='bbox 319 2731 497 2804; x_wconf 79' lang='lat' dir='ltr'><strong>tereutur3</strong></span> <span class='ocrx_word' id='word_1_147' title='bbox 521 2743 625 2812; x_wconf 87' lang='lat' dir='ltr'><strong>quum</strong></span> <span class='ocrx_word' id='word_1_148' title='bbox 651 2735 806 2813; x_wconf 87' lang='lat' dir='ltr'><strong>stuprum</strong></span> <span class='ocrx_word' id='word_1_149' title='bbox 831 2718 1099 2789; x_wconf 86' lang='lat' dir='ltr'><strong>committeretur</strong></span> <span class='ocrx_word' id='word_1_150' title='bbox 1122 2722 1173 2787; x_wconf 91' lang='lat' dir='ltr'><strong>rei</strong></span> <span class='ocrx_word' id='word_1_151' title='bbox 1194 2717 1393 2812; x_wconf 65' lang='lat' dir='ltr'><strong>judicandae</strong></span> 
     </span>
     <span class='ocr_line' id='line_1_21' title="bbox 320 2823 1394 2930; baseline 0.004 -28"><span class='ocrx_word' id='word_1_152' title='bbox 320 2857 442 2922; x_wconf 70' lang='lat' dir='ltr'><strong>causa,</strong></span> <span class='ocrx_word' id='word_1_153' title='bbox 457 2859 563 2928; x_wconf 92' lang='lat' dir='ltr'><strong>quum</strong></span> <span class='ocrx_word' id='word_1_154' title='bbox 578 2823 719 2906; x_wconf 81' lang='lat' dir='ltr'><strong>Clodius</strong></span> <span class='ocrx_word' id='word_1_155' title='bbox 735 2834 857 2906; x_wconf 88' lang='lat' dir='ltr'><strong>iisdem</strong></span> <span class='ocrx_word' id='word_1_156' title='bbox 870 2837 965 2905; x_wconf 85' lang='lat' dir='ltr'><strong>vitiis</strong></span> <span class='ocrx_word' id='word_1_157' title='bbox 977 2837 1166 2930; x_wconf 77' lang='lat' dir='ltr'><strong>gratiosus,</strong></span> <span class='ocrx_word' id='word_1_158' title='bbox 1182 2835 1308 2929; x_wconf 87' lang='lat' dir='ltr'><strong>quibus</strong></span> <span class='ocrx_word' id='word_1_159' title='bbox 1329 2851 1394 2906; x_wconf 90' lang='lat' dir='ltr'><strong>no-</strong></span> 
     </span>
    </p>
   </div>
   <div class='ocr_carea' id='block_1_3' title="bbox 319 3084 1396 4339">
    <p class='ocr_par' dir='ltr' id='par_1_3' title="bbox 320 3084 1395 3312">
     <span class='ocr_line' id='line_1_22' title="bbox 356 3084 1394 3160; baseline 0.001 -23"><span class='ocrx_word' id='word_1_160' title='bbox 356 3105 377 3137; x_wconf 87' lang='grc' dir='ltr'><strong>ι.</strong></span> <span class='ocrx_word' id='word_1_161' title='bbox 396 3085 509 3154; x_wconf 78' lang='lat' dir='ltr'><strong>Imprtne</strong></span> <span class='ocrx_word' id='word_1_162' title='bbox 531 3089 598 3140; x_wconf 77' lang='lat' dir='ltr'><strong>tulit.</strong></span> <span class='ocrx_word' id='word_1_163' title='bbox 619 3087 669 3140; x_wconf 81' lang='lat' dir='ltr'><strong>lot.</strong></span> <span class='ocrx_word' id='word_1_164' title='bbox 687 3085 830 3160; x_wconf 77' lang='lat' dir='ltr'><strong>impunitus</strong></span> <span class='ocrx_word' id='word_1_165' title='bbox 878 3104 937 3139; x_wconf 88' lang='lat' dir='ltr'><strong>cum</strong></span> <span class='ocrx_word' id='word_1_166' title='bbox 949 3086 1022 3138; x_wconf 88' lang='lat' dir='ltr'><strong>omni</strong></span> <span class='ocrx_word' id='word_1_167' title='bbox 1032 3085 1136 3138; x_wconf 80' lang='lat' dir='ltr'><strong>lascivia</strong></span> <span class='ocrx_word' id='word_1_168' title='bbox 1145 3084 1326 3138; x_wconf 79' lang='lat' dir='ltr'><strong>convenientes</strong></span> <span class='ocrx_word' id='word_1_169' title='bbox 1336 3105 1394 3138; x_wconf 87' lang='lat' dir='ltr'><strong>me-</strong></span> 
     </span>
     <span class='ocr_line' id='line_1_23' title="bbox 320 3161 1394 3239; baseline -0.001 -23"><span class='ocrx_word' id='word_1_170' title='bbox 320 3163 440 3216; x_wconf 77' lang='lat' dir='ltr'><strong>dimissus</strong></span> <span class='ocrx_word' id='word_1_171' title='bbox 449 3175 486 3216; x_wconf 82' lang='lat' dir='ltr'><strong>est</strong></span> <span class='ocrx_word' id='word_1_172' title='bbox 499 3161 621 3227; x_wconf 84' lang='lat' dir='ltr'><strong>Clodius,</strong></span> <span class='ocrx_word' id='word_1_173' title='bbox 633 3183 680 3216; x_wconf 88' lang='lat' dir='ltr'><strong>nee</strong></span> <span class='ocrx_word' id='word_1_174' title='bbox 692 3161 746 3217; x_wconf 81' lang='lat' dir='ltr'><strong>ulla</strong></span> <span class='ocrx_word' id='word_1_175' title='bbox 756 3183 831 3239; x_wconf 81' lang='lat' dir='ltr'><strong>poene</strong></span> <span class='ocrx_word' id='word_1_176' title='bbox 878 3164 968 3218; x_wconf 72' lang='lat' dir='ltr'><strong>mori·</strong></span> <span class='ocrx_word' id='word_1_177' title='bbox 980 3164 1126 3219; x_wconf 82' lang='lat' dir='ltr'><strong>meretricis·</strong></span> <span class='ocrx_word' id='word_1_178' title='bbox 1145 3165 1213 3217; x_wconf 77' lang='lat' dir='ltr'><strong>Nam</strong></span> <span class='ocrx_word' id='word_1_179' title='bbox 1226 3175 1315 3236; x_wconf 68' lang='lat' dir='ltr'><strong>petetur</strong></span> <span class='ocrx_word' id='word_1_180' title='bbox 1327 3181 1394 3215; x_wconf 78' lang='lat' dir='ltr'><strong>rer-</strong></span> 
     </span>
     <span class='ocr_line' id='line_1_24' title="bbox 321 3239 1395 3312; baseline -0.004 -14"><span class='ocrx_word' id='word_1_181' title='bbox 321 3243 436 3306; x_wconf 79' lang='lat' dir='ltr'><strong>allectns,</strong></span> <span class='ocrx_word' id='word_1_182' title='bbox 446 3243 544 3296; x_wconf 80' lang='lat' dir='ltr'><strong>etiamsi</strong></span> <span class='ocrx_word' id='word_1_183' title='bbox 554 3243 651 3298; x_wconf 75' lang='lat' dir='ltr'><strong>adulter</strong></span> <span class='ocrx_word' id='word_1_184' title='bbox 659 3255 684 3298; x_wconf 91' lang='lat' dir='ltr'><strong>et</strong></span> <span class='ocrx_word' id='word_1_185' title='bbox 693 3244 832 3298; x_wconf 82' lang='lat' dir='ltr'><strong>lenoesset.</strong></span> <span class='ocrx_word' id='word_1_186' title='bbox 877 3242 971 3297; x_wconf 77' lang='lat' dir='ltr'><strong>borum</strong></span> <span class='ocrx_word' id='word_1_187' title='bbox 984 3241 1129 3310; x_wconf 71' lang='lat' dir='ltr'><strong>licentiam,</strong></span> <span class='ocrx_word' id='word_1_188' title='bbox 1141 3239 1234 3312; x_wconf 79' lang='lat' dir='ltr'><strong>quibus</strong></span> <span class='ocrx_word' id='word_1_189' title='bbox 1248 3241 1395 3294; x_wconf 75' lang='lat' dir='ltr'><strong>obscenitas</strong></span> 
     </span>
    </p>

    <p class='ocr_par' dir='ltr' id='par_1_4' title="bbox 319 3318 1396 3866">
     <span class='ocr_line' id='line_1_25' title="bbox 354 3318 1396 3391; baseline 0.001 -20"><span class='ocrx_word' id='word_1_190' title='bbox 354 3337 378 3371; x_wconf 85' lang='lat' dir='ltr'><strong>a.</strong></span> <span class='ocrx_word' id='word_1_191' title='bbox 394 3318 473 3384; x_wconf 77' lang='lat' dir='ltr'><strong>Plus,</strong></span> <span class='ocrx_word' id='word_1_192' title='bbox 488 3340 571 3391; x_wconf 81' lang='lat' dir='ltr'><strong>quam</strong></span> <span class='ocrx_word' id='word_1_193' title='bbox 588 3323 764 3391; x_wconf 62' lang='grc' dir='ltr'><strong>φναν-ὠσίαν,</strong></span> <span class='ocrx_word' id='word_1_194' title='bbox 778 3324 831 3374; x_wconf 83' lang='lat' dir='ltr'><strong>cd·</strong></span> <span class='ocrx_word' id='word_1_195' title='bbox 879 3320 1396 3382; x_wconf 74' lang='lat' dir='ltr'><strong>omniseilunditur,ernnnmretiamvee·</strong></span> 
     </span>
     <span class='ocr_line' id='line_1_26' title="bbox 320 3397 1392 3474; baseline 0.003 -26"><span class='ocrx_word' id='word_1_196' title='bbox 320 3397 830 3470; x_wconf 72' lang='lat' dir='ltr'><strong>missumestiscilieetmejuscrimen,</strong></span> <span class='ocrx_word' id='word_1_197' title='bbox 879 3400 946 3454; x_wconf 79' lang='lat' dir='ltr'><strong>tibus</strong></span> <span class='ocrx_word' id='word_1_198' title='bbox 969 3399 1063 3474; x_wconf 86' lang='lat' dir='ltr'><strong>populo</strong></span> <span class='ocrx_word' id='word_1_199' title='bbox 1077 3397 1207 3472; x_wconf 69' lang='lat' dir='ltr'><strong>flagitante</strong></span> <span class='ocrx_word' id='word_1_200' title='bbox 1229 3397 1392 3465; x_wconf 78' lang='lat' dir='ltr'><strong>meretrices,</strong></span> 
     </span>
     <span class='ocr_line' id='line_1_27' title="bbox 320 3473 1394 3554; baseline 0.005 -29"><span class='ocrx_word' id='word_1_201' title='bbox 320 3493 398 3542; x_wconf 77' lang='lat' dir='ltr'><strong>quam</strong></span> <span class='ocrx_word' id='word_1_202' title='bbox 410 3473 476 3528; x_wconf 89' lang='lat' dir='ltr'><strong>illud</strong></span> <span class='ocrx_word' id='word_1_203' title='bbox 493 3474 526 3528; x_wconf 93' lang='lat' dir='ltr'><strong>de</strong></span> <span class='ocrx_word' id='word_1_204' title='bbox 541 3496 592 3547; x_wconf 87' lang='lat' dir='ltr'><strong>quc</strong></span> <span class='ocrx_word' id='word_1_205' title='bbox 605 3477 743 3549; x_wconf 81' lang='lat' dir='ltr'><strong>injudicio</strong></span> <span class='ocrx_word' id='word_1_206' title='bbox 755 3496 831 3550; x_wconf 83' lang='lat' dir='ltr'><strong>qute-</strong></span> <span class='ocrx_word' id='word_1_207' title='bbox 878 3500 936 3554; x_wconf 70' lang='lat' dir='ltr'><strong>que</strong></span> <span class='ocrx_word' id='word_1_208' title='bbox 948 3493 1008 3535; x_wconf 84' lang='lat' dir='ltr'><strong>tune</strong></span> <span class='ocrx_word' id='word_1_209' title='bbox 1022 3480 1157 3534; x_wconf 76' lang='lat' dir='ltr'><strong>mimeram</strong></span> <span class='ocrx_word' id='word_1_210' title='bbox 1172 3481 1314 3550; x_wconf 70' lang='lat' dir='ltr'><strong>Iunguntur</strong></span> <span class='ocrx_word' id='word_1_211' title='bbox 1326 3475 1394 3531; x_wconf 82' lang='lat' dir='ltr'><strong>offi-</strong></span> 
     </span>
     <span class='ocr_line' id='line_1_28' title="bbox 319 3553 1394 3632; baseline 0.002 -24"><span class='ocrx_word' id='word_1_212' title='bbox 319 3553 437 3621; x_wconf 75' lang='lat' dir='ltr'><strong>relietnr,</strong></span> <span class='ocrx_word' id='word_1_213' title='bbox 459 3555 486 3608; x_wconf 89' lang='lat' dir='ltr'><strong>in</strong></span> <span class='ocrx_word' id='word_1_214' title='bbox 509 3557 671 3629; x_wconf 82' lang='lat' dir='ltr'><strong>ipscjudicio</strong></span> <span class='ocrx_word' id='word_1_215' title='bbox 690 3557 830 3612; x_wconf 78' lang='lat' dir='ltr'><strong>admissum</strong></span> <span class='ocrx_word' id='word_1_216' title='bbox 879 3561 935 3626; x_wconf 88' lang='lat' dir='ltr'><strong>cio,</strong></span> <span class='ocrx_word' id='word_1_217' title='bbox 957 3573 982 3612; x_wconf 90' lang='lat' dir='ltr'><strong>et</strong></span> <span class='ocrx_word' id='word_1_218' title='bbox 1000 3560 1029 3612; x_wconf 82' lang='lat' dir='ltr'><strong>in</strong></span> <span class='ocrx_word' id='word_1_219' title='bbox 1049 3571 1184 3632; x_wconf 82' lang='lat' dir='ltr'><strong>conspectu</strong></span> <span class='ocrx_word' id='word_1_220' title='bbox 1202 3557 1291 3631; x_wconf 87' lang='lat' dir='ltr'><strong>populi</strong></span> <span class='ocrx_word' id='word_1_221' title='bbox 1309 3576 1394 3628; x_wconf 74' lang='lat' dir='ltr'><strong>usque</strong></span> 
     </span>
     <span class='ocr_line' id='line_1_29' title="bbox 321 3635 1394 3711; baseline 0.001 -25"><span class='ocrx_word' id='word_1_222' title='bbox 321 3647 359 3687; x_wconf 82' lang='lat' dir='ltr'><strong>est</strong></span> <span class='ocrx_word' id='word_1_223' title='bbox 372 3652 379 3686; x_wconf 72' lang='grc' dir='ltr'><em>τ</em></span> <span class='ocrx_word' id='word_1_224' title='bbox 391 3635 549 3690; x_wconf 81' lang='lat' dir='ltr'><strong>continuatio</strong></span> <span class='ocrx_word' id='word_1_225' title='bbox 566 3649 604 3690; x_wconf 83' lang='lat' dir='ltr'><strong>eet</strong></span> <span class='ocrx_word' id='word_1_226' title='bbox 613 3635 667 3708; x_wconf 75' lang='lat' dir='ltr'><strong>eius</strong></span> <span class='ocrx_word' id='word_1_227' title='bbox 680 3637 829 3702; x_wconf 71' lang='lat' dir='ltr'><strong>sententie,</strong></span> <span class='ocrx_word' id='word_1_228' title='bbox 879 3638 912 3692; x_wconf 80' lang='lat' dir='ltr'><strong>ad</strong></span> <span class='ocrx_word' id='word_1_229' title='bbox 919 3638 1058 3692; x_wconf 80' lang='lat' dir='ltr'><strong>satietatem</strong></span> <span class='ocrx_word' id='word_1_230' title='bbox 1066 3637 1254 3711; x_wconf 86' lang='lat' dir='ltr'><strong>impudicorum</strong></span> <span class='ocrx_word' id='word_1_231' title='bbox 1261 3635 1394 3688; x_wconf 84' lang='lat' dir='ltr'><strong>luminum</strong></span> 
     </span>
     <span class='ocr_line' id='line_1_30' title="bbox 320 3714 1395 3790; baseline -0.005 -24"><span class='ocrx_word' id='word_1_232' title='bbox 320 3716 456 3788; x_wconf 85' lang='lat' dir='ltr'><strong>turpiorem</strong></span> <span class='ocrx_word' id='word_1_233' title='bbox 464 3717 540 3772; x_wconf 80' lang='lat' dir='ltr'><strong>luisse</strong></span> <span class='ocrx_word' id='word_1_234' title='bbox 550 3717 635 3772; x_wconf 85' lang='lat' dir='ltr'><strong>Clodii</strong></span> <span class='ocrx_word' id='word_1_235' title='bbox 643 3717 830 3774; x_wconf 74' lang='lat' dir='ltr'><strong>absolutionem</strong></span> <span class='ocrx_word' id='word_1_236' title='bbox 879 3735 938 3770; x_wconf 84' lang='lat' dir='ltr'><strong>cum</strong></span> <span class='ocrx_word' id='word_1_237' title='bbox 949 3714 1074 3790; x_wconf 84' lang='lat' dir='ltr'><strong>pudendis</strong></span> <span class='ocrx_word' id='word_1_238' title='bbox 1085 3715 1197 3768; x_wconf 86' lang='lat' dir='ltr'><strong>motibus</strong></span> <span class='ocrx_word' id='word_1_239' title='bbox 1207 3714 1362 3769; x_wconf 84' lang='lat' dir='ltr'><strong>detinentur.</strong></span> <span class='ocrx_word' id='word_1_240' title='bbox 1376 3737 1395 3761; x_wconf 67' lang='lat' dir='ltr'>n</span> 
     </span>
     <span class='ocr_line' id='line_1_31' title="bbox 319 3791 1393 3866; baseline -0.002 -20"><span class='ocrx_word' id='word_1_241' title='bbox 319 3814 397 3866; x_wconf 77' lang='lat' dir='ltr'><strong>quem</strong></span> <span class='ocrx_word' id='word_1_242' title='bbox 408 3794 498 3850; x_wconf 81' lang='lat' dir='ltr'><strong>seclus.</strong></span> <span class='ocrx_word' id='word_1_243' title='bbox 879 3795 976 3848; x_wconf 79' lang='lat' dir='ltr'><strong>Laudat</strong></span> <span class='ocrx_word' id='word_1_244' title='bbox 984 3794 1043 3848; x_wconf 69' lang='lat' dir='ltr'><strong>val.</strong></span> <span class='ocrx_word' id='word_1_245' title='bbox 1051 3794 1118 3847; x_wconf 76' lang='lat' dir='ltr'>Max.</span> <span class='ocrx_word' id='word_1_246' title='bbox 1129 3795 1170 3856; x_wconf 88' lang='lat' dir='ltr'><strong>II,</strong></span> <span class='ocrx_word' id='word_1_247' title='bbox 1187 3812 1232 3860; x_wconf 85' lang='lat' dir='ltr'><strong>ro,</strong></span> <span class='ocrx_word' id='word_1_248' title='bbox 1244 3793 1268 3848; x_wconf 81' lang='grc'><strong>8.</strong></span> <span class='ocrx_word' id='word_1_249' title='bbox 1277 3791 1393 3846; x_wconf 74' lang='lat' dir='ltr'><strong>Merdal.</strong></span> 
     </span>
    </p>

    <p class='ocr_par' dir='ltr' id='par_1_5' title="bbox 320 3871 1393 4339">
     <span class='ocr_line' id='line_1_32' title="bbox 353 3871 1148 3949; baseline 0.001 -25"><span class='ocrx_word' id='word_1_250' title='bbox 353 3873 378 3924; x_wconf 79' lang='lat'><strong>³.</strong></span> <span class='ocrx_word' id='word_1_251' title='bbox 391 3871 517 3927; x_wconf 78' lang='lat' dir='ltr'><strong>Florales</strong></span> <span class='ocrx_word' id='word_1_252' title='bbox 529 3882 606 3940; x_wconf 76' lang='lat' dir='ltr'><strong>iocos.</strong></span> <span class='ocrx_word' id='word_1_253' title='bbox 619 3875 732 3930; x_wconf 77' lang='lat' dir='ltr'><strong>Florelic</strong></span> <span class='ocrx_word' id='word_1_254' title='bbox 747 3875 829 3949; x_wconf 75' lang='lat' dir='ltr'><strong>Aprili</strong></span> <span class='ocrx_word' id='word_1_255' title='bbox 879 3874 906 3938; x_wconf 89' lang='lat' dir='ltr'><strong>l,</strong></span> <span class='ocrx_word' id='word_1_256' title='bbox 920 3873 1008 3947; x_wconf 72' lang='lat' dir='ltr'><strong>Epigr.</strong></span> <span class='ocrx_word' id='word_1_257' title='bbox 1022 3893 1045 3926; x_wconf 85' lang='lat' dir='ltr'><strong>t.</strong></span> <span class='ocrx_word' id='word_1_258' title='bbox 1056 3871 1148 3926; x_wconf 70' lang='lat' dir='ltr'><strong>Mat.</strong></span> 
     </span>
     <span class='ocr_line' id='line_1_33' title="bbox 321 3949 1393 4022; baseline -0.004 -16"><span class='ocrx_word' id='word_1_259' title='bbox 321 3952 831 4018; x_wconf 79' lang='lat' dir='ltr'><strong>exeuntecelcbrate,utomniebcneds·</strong></span> <span class='ocrx_word' id='word_1_260' title='bbox 913 3949 1393 4022; x_wconf 48' lang='lat' dir='ltr'><strong>[fidenatium-..minimumllene</strong></span> 
     </span>
     <span class='ocr_line' id='line_1_34' title="bbox 321 4029 1393 4105; baseline 0.001 -24"><span class='ocrx_word' id='word_1_261' title='bbox 321 4029 480 4084; x_wconf 85' lang='lat' dir='ltr'><strong>llorescerent</strong></span> <span class='ocrx_word' id='word_1_262' title='bbox 491 4034 501 4097; x_wconf 93' lang='lat'>(</span> <span class='ocrx_word' id='word_1_263' title='bbox 511 4030 579 4085; x_wconf 82' lang='lat' dir='ltr'><strong>Plio.</strong></span> <span class='ocrx_word' id='word_1_264' title='bbox 591 4033 698 4098; x_wconf 84' lang='lat' dir='ltr'><strong>XVIII,</strong></span> <span class='ocrx_word' id='word_1_265' title='bbox 714 4037 784 4105; x_wconf 79' lang='lat'><strong>29),</strong></span> <span class='ocrx_word' id='word_1_266' title='bbox 802 4033 831 4086; x_wconf 80' lang='lat' dir='ltr'><strong>in</strong></span> <span class='ocrx_word' id='word_1_267' title='bbox 880 4031 1113 4101; x_wconf 67' lang='lat' dir='ltr'><strong>vertitlcgrangez</strong></span> <span class='ocrx_word' id='word_1_268' title='bbox 1124 4032 1393 4101; x_wconf 76' lang='lat' dir='ltr'><strong>Necmyesdonepes</strong></span> 
     </span>
     <span class='ocr_line' id='line_1_35' title="bbox 320 4105 1393 4182; baseline -0.001 -22"><span class='ocrx_word' id='word_1_269' title='bbox 320 4105 445 4162; x_wconf 81' lang='lat' dir='ltr'><strong>bonorem</strong></span> <span class='ocrx_word' id='word_1_270' title='bbox 456 4108 585 4182; x_wconf 62' lang='lat' dir='ltr'><strong>Nympha</strong></span> <span class='ocrx_word' id='word_1_271' title='bbox 595 4110 735 4176; x_wconf 83' lang='lat' dir='ltr'><strong>Chloridis,</strong></span> <span class='ocrx_word' id='word_1_272' title='bbox 750 4112 830 4165; x_wconf 77' lang='lat' dir='ltr'><strong>Ovid.</strong></span> <span class='ocrx_word' id='word_1_273' title='bbox 879 4114 964 4182; x_wconf 74' lang='lat' dir='ltr'><strong>quein</strong></span> <span class='ocrx_word' id='word_1_274' title='bbox 971 4110 1100 4164; x_wconf 54' lang='lat' dir='ltr'><strong>decute</strong></span> <span class='ocrx_word' id='word_1_275' title='bbox 1107 4113 1148 4163; x_wconf 82' lang='lat' dir='ltr'><strong>ait</strong></span> <span class='ocrx_word' id='word_1_276' title='bbox 1155 4112 1246 4178; x_wconf 74' lang='lat' dir='ltr'><strong>aequis</strong></span> <span class='ocrx_word' id='word_1_277' title='bbox 1253 4107 1393 4179; x_wconf 81' lang='lat' dir='ltr'><strong>dessorces</strong></span> 
     </span>
     <span class='ocr_line' id='line_1_36' title="bbox 321 4183 1393 4257; baseline 0 -19"><span class='ocrx_word' id='word_1_278' title='bbox 321 4183 390 4238; x_wconf 72' lang='lat' dir='ltr'><strong>Fut</strong></span> <span class='ocrx_word' id='word_1_279' title='bbox 400 4187 436 4253; x_wconf 76' lang='lat' dir='ltr'><strong>Il,</strong></span> <span class='ocrx_word' id='word_1_280' title='bbox 451 4191 506 4255; x_wconf 76' lang='lat'><strong>¹9⁵·</strong></span> <span class='ocrx_word' id='word_1_281' title='bbox 523 4189 634 4243; x_wconf 59' lang='lat' dir='ltr'><strong>lactant.</strong></span> <span class='ocrx_word' id='word_1_282' title='bbox 650 4191 676 4252; x_wconf 90' lang='lat' dir='ltr'><strong>l,</strong></span> <span class='ocrx_word' id='word_1_283' title='bbox 693 4210 739 4255; x_wconf 80' lang='lat' dir='ltr'><strong>ac,</strong></span> <span class='ocrx_word' id='word_1_284' title='bbox 755 4211 786 4244; x_wconf 82' lang='grc' dir='ltr'><strong>ιο</strong></span> <span class='ocrx_word' id='word_1_285' title='bbox 799 4191 831 4244; x_wconf 88' lang='lat' dir='ltr'><strong>de</strong></span> <span class='ocrx_word' id='word_1_286' title='bbox 880 4193 1031 4244; x_wconf 65' lang='lat' dir='ltr'><strong>domm</strong></span> <span class='ocrx_word' id='word_1_287' title='bbox 1045 4191 1230 4257; x_wconf 73' lang='lat' dir='ltr'><strong>seete‚etque</strong></span> <span class='ocrx_word' id='word_1_288' title='bbox 1243 4189 1279 4240; x_wconf 81' lang='lat' dir='ltr'><strong>les</strong></span> <span class='ocrx_word' id='word_1_289' title='bbox 1295 4188 1393 4239; x_wconf 78' lang='lat' dir='ltr'><strong>loisen</strong></span> 
     </span>
     <span class='ocr_line' id='line_1_37' title="bbox 323 4263 1052 4339; baseline 0.007 -24"><span class='ocrx_word' id='word_1_290' title='bbox 323 4263 384 4318; x_wconf 75' lang='lat' dir='ltr'><strong>iales</strong></span> <span class='ocrx_word' id='word_1_291' title='bbox 401 4263 484 4339; x_wconf 73' lang='lat' dir='ltr'><strong>ltetig.</strong></span> <span class='ocrx_word' id='word_1_292' title='bbox 496 4285 503 4320; x_wconf 76' lang='grc' dir='ltr'><strong>ι</strong></span> <span class='ocrx_word' id='word_1_293' title='bbox 515 4266 705 4322; x_wconf 73' lang='lat' dir='ltr'><strong>«celebrentur</strong></span> <span class='ocrx_word' id='word_1_294' title='bbox 720 4268 760 4322; x_wconf 92' lang='lat' dir='ltr'><strong>illi</strong></span> <span class='ocrx_word' id='word_1_295' title='bbox 771 4267 831 4322; x_wconf 89' lang='lat' dir='ltr'><strong>ludi</strong></span> <span class='ocrx_word' id='word_1_296' title='bbox 880 4273 953 4323; x_wconf 68' lang='grc' dir='ltr'><em>σιἰηἰ</em></span> <span class='ocrx_word' id='word_1_297' title='bbox 959 4271 1052 4338; x_wconf 75' lang='lat' dir='ltr'><strong>perdo.</strong></span> 
     </span>
    </p>
   </div>
   <div class='ocr_carea' id='block_1_4' title="bbox 979 4528 995 4564">
    <p class='ocr_par' dir='ltr' id='par_1_6' title="bbox 979 4528 995 4564">
     <span class='ocr_line' id='line_1_38' title="bbox 979 4528 995 4564; baseline 0 0"><span class='ocrx_word' id='word_1_298' title='bbox 979 4528 995 4564; x_wconf 64' lang='grc'>1</span> 
     </span>
    </p>
   </div>
   <div class='ocr_carea' id='block_1_5' title="bbox 0 0 1482 4934">
    <p class='ocr_par' dir='ltr' id='par_1_7' title="bbox 0 0 1482 4934">
     <span class='ocr_line' id='line_1_39' title="bbox 0 0 1482 4934; baseline 0 0"><span class='ocrx_word' id='word_1_299' title='bbox 0 0 1482 4934; x_wconf 95' lang='lat' dir='ltr'><strong> </strong></span> 
     </span>
    </p>
   </div>
  </div>
 </body>
</html>
