2950 4934
332 444 336 450 ·
412 432 641 500 ettonis
665 432 891 500 sennen.
1122 435 1189 521 ⁴⁵⁵

538 669 580 708 M
601 670 768 709 Justtttt.

162 831 261 926 Quid
279 846 330 900 est
345 831 496 924 justitia,
518 833 584 899 nisi
604 849 732 901 naturae
751 834 852 902 tacita
871 833 1051 903 conventio
1073 835 1109 902 in
1130 834 1192 902 ad-

111 951 282 1045 jutorium
296 949 477 1017 multorum
492 950 631 1018 inventa
647 953 808 1024 PJustitia
820 976 889 1020 non
904 967 1017 1020 nostra
1027 955 1194 1021 constitu-

115 1068 187 1150 tio,
210 1067 270 1135 sed
288 1065 404 1134 divina
420 1065 475 1134 lex
496 1080 566 1148 est,
591 1083 625 1134 et
639 1067 813 1136 vinculum
833 1069 1001 1136 societatis
1022 1067 1198 1146 humanm.

115 1187 158 1251 ln
175 1183 242 1251 hac
264 1206 333 1251 non
358 1197 410 1250 est
430 1181 523 1274 quod
542 1185 746 1252 aestimemus
763 1182 849 1277 quid
867 1181 1045 1278 expediat,
1066 1188 1196 1283 expetit

117 1300 182 1368 tibi
202 1298 369 1392 quicquid
388 1299 446 1366 illa
465 1300 655 1368 dictaverit.
682 1301 849 1394 Quisquis
865 1287 948 1396 ergo
966 1300 1055 1370 bane
1074 1305 1196 1372 sectari

118 1412 314 1498 desideras,
335 1415 446 1483 Deum
470 1415 550 1482 time
571 1415 667 1509 prius
690 1431 724 1482 et
745 1437 845 1498 ame,
871 1432 908 1482 ut
927 1417 1087 1505 amerisa
1105 1418 1197 1493 Deo.

118 1527 287 1598 Amabilis
300 1531 369 1599 eris
388 1529 484 1612 Deo,
509 1531 591 1598 siin
615 1530 682 1598 hoc
702 1530 800 1598 illum
820 1530 1028 1617 imitaberis,
1050 1549 1089 1600 ut
1113 1533 1197 1600 velis

119 1645 279 1741 omnibus
296 1645 458 1741 prodesse
475 1663 510 1716 et
524 1646 610 1716 nulli
629 1671 768 1716 nocere.
788 1651 831 1718 Et
850 1665 931 1718 tunc
953 1666 986 1718 te
995 1649 1128 1742 justum
1142 1652 1196 1720 vi-

118 1788 195 1830 rum
214 1763 437 1858 appellabunt
462 1789 599 1848 omnes,
631 1780 836 1857 sequentur,
863 1764 1136 1851 venerabuntur,
1163 1783 1203 1834 et

119 1877 281 1972 diligent.
301 1881 417 1950 lustus
434 1881 525 1949 enim
544 1897 583 1949 nt
599 1882 645 1949 sis
661 1905 729 1949 non
747 1880 853 1950 solum
872 1906 941 1949 non
959 1883 1116 1971 nocebis,
1137 1882 1199 1952 scd

118 1998 223 2064 etiam
241 2012 404 2067 nocentes
422 1997 640 2092 prohibebis3
659 2022 737 2070 nam
748 1998 799 2066 nil
814 2023 937 2069 nocere
951 2024 1019 2068 non
1034 2015 1086 2068 est
1094 2001 1199 2092 justi-

118 2115 186 2195 tia,
208 2113 269 2181 sed
284 2113 488 2183 abstinentia
505 2114 609 2183 alieni
627 2130 690 2184 est.
709 2113 762 2184 Ab
776 2115 831 2183 his
848 2140 930 2208 ergo
949 2117 1063 2211 incipe
1077 2131 1115 2184 ut
1130 2140 1198 2199 noo

118 2231 278 2314 auferas,
302 2249 340 2300 ut
357 2229 401 2300 ad
418 2231 546 2325 majora
570 2233 790 2325 proveharis,
813 2247 848 2300 et
871 2233 947 2300 aliis
966 2231 1077 2301 ablata
1095 2234 1200 2301 resti·

117 2366 210 2416 tuas.
220 2351 388 2442 Raptores
402 2373 538 2441 quoque
551 2334 655 2442 ipsos,
671 2373 715 2418 ne
728 2348 805 2418 aliis
820 2349 964 2418 timendi
975 2349 1056 2431 sint,
1074 2351 1200 2444 castiga

119 2481 155 2533 et
169 2465 293 2533 cohibe
314 2467 382 2554 (al.
402 2465 583 2559 prohibe).
601 2468 650 2532 Ex
662 2465 756 2532 nulla
768 2467 867 2562 vocis·
877 2466 1098 2560 ambiguitate
1117 2491 1211 2535 con-,

123 2581 325 2646 troversiam
339 2594 477 2660 nectes,
493 2577 554 2646 sed
566 2579 670 2645 animi
684 2577 881 2669 qualitatem
900 2580 1087 2670 speculare.
1105 2581 1207 2648 Nihil

121 2696 190 2766 tibi
205 2696 341 2764 intersit
355 2718 401 2764 an
416 2696 533 2764 firmes
550 2696 618 2783 (at.
632 2695 856 2783 confirmes),
878 2717 922 2762 an
934 2693 1043 2786 jures.
1063 2697 1115 2765 De
1131 2697 1200 2766 fide

121 2829 159 2882 et
181 2811 348 2904 religione
368 2812 455 2880 scias
472 2812 529 2904 agi
548 2809 756 2900 ubicumque
779 2808 823 2878 de
845 2813 988 2880 veritate
1008 2827 1171 2881 tractatur
1188 2842 1205 2899 3¹

120 2954 204 3000 nam
215 2929 245 2997 si
253 2926 481 3022 jurejurando
493 2931 586 2995 Dens
598 2928 778 2994 invocetur
792 2977 801 3008 ‚
818 2941 853 2996 at
868 2951 936 2995 non
949 2930 1122 3000 invocanti
1136 2947 1201 2999 tes·

124 3050 170 3117 tis
184 3061 248 3128 est,
262 3061 376 3115 tamen
389 3069 461 3114 non
473 3044 635 3112 transibis
645 3045 836 3127 veritatem,
850 3068 894 3112 ne
903 3047 1044 3137 justitiae
1053 3061 1213 3120 transeas.

123 3166 253 3257 legem.
269 3159 375 3253 Quod
387 3163 416 3230 si
429 3158 615 3253 aliquando
631 3162 812 3228 coarcteris
826 3163 876 3228 nti
893 3161 1090 3244 mendacio,
1104 3179 1212 3232 utere.

123 3304 198 3348 non
209 3278 254 3346 ed
270 3278 367 3364 falsi,
384 3276 446 3348 sed
457 3277 594 3354 advari
606 3274 816 3362 custodiam,
832 3293 867 3346 et
880 3279 910 3346 si
923 3279 1106 3373 eontigerit
1117 3279 1203 3348 fide-

123 3395 257 3466 litatem
268 3393 446 3465 mendacio
457 3394 598 3474 redimi,
613 3417 684 3461 non
696 3393 891 3480 mentieris,
908 3393 969 3463 sed
977 3397 1089 3489 potius
1102 3420 1204 3465 excu-

123 3511 282 3598 saberis,
299 3512 382 3603 quis
398 3509 461 3578 nbi
482 3509 624 3578 bometti
641 3531 742 3577 enata
762 3525 832 3594 est,
851 3510 964 3602 justus
982 3525 1112 3580 'secrete
1133 3536 1203 3580 non

125 3625 265 3722 prodit3
275 3625 420 3696 moenda
431 3627 525 3694 enim
536 3641 646 3709 tacet,
662 3626 834 3719 loquenda
844 3626 1016 3720 loquitur,
1032 3644 1135 3720 atque
1151 3627 1203 3695 illi

125 3759 249 3837 aperta
271 3758 306 3812 et
323 3767 444 3812 secura
463 3742 714 3838 tranquillitas,
739 3758 778 3812 ut
794 3743 875 3812 dum
898 3744 957 3812 alii
980 3745 1203 3812 vincantura

128 3855 249 3944 malis,
266 3861 449 3929 vincantur
460 3859 504 3927 ab
518 3860 578 3927 illo
595 3859 694 3928 mala.
714 3864 796 3931 Haec
813 3885 896 3956 ergo
912 3862 941 3929 si
957 3861 1093 3954 studere
1110 3883 1205 3928 cura-

126 3979 248 4061 veris,
275 3978 372 4046 laetus
386 3993 420 4046 et
438 3976 631 4070 intrepidus
648 4003 767 4048 cursus
786 3981 837 4048 tui
856 3979 959 4048 linem
977 3975 1202 4070 exspectabis,

125 4095 319 4190 prospicies
340 4093 416 4163 bec
437 4095 548 4162 tristia
571 4094 675 4189 hujus
698 4095 818 4165 mnndi
843 4096 980 4181 hilaris,
1000 4095 1205 4163 tumultuosa

127 4214 296 4304 quietus,
317 4229 466 4282 extrema
482 4237 632 4282 securus.
