2950 4934
397 429 427 496 E
450 427 631 501 Llsttts
653 427 883 500 SENECAE.
1144 431 1222 527 439.

131 562 210 655 pitu
234 579 376 655 pot-tus,
396 583 468 630 non
492 560 594 628 unius
621 560 783 630 comitatu
808 559 961 651 inquieto
983 574 1061 646 sunt
1083 559 1209 632 littora.
1273 588 1276 594 ¹

129 681 210 747 Non
222 680 418 748 circumstat
433 675 530 745 iilum
543 674 644 744 turba
658 676 852 758 bominum,
869 675 914 744 sd
927 699 1012 768 quos
1024 675 1211 770 pascendos

130 798 438 868 transmarinarum
463 794 643 888 regionum
661 791 811 886 optanda
829 809 879 862 est
901 793 1069 864 fertilitas.
1095 795 1213 865 Facile

130 930 187 984 est
209 937 348 1009 pascere
370 892 497 1008 pancos
519 927 676 995 ventres,
696 927 732 980 et
749 909 838 978 bene
853 911 1051 998 institutos,
1071 927 1107 982 et
1122 911 1213 980 nihtt

128 1029 229 1104 eliud
244 1027 477 1100 desiderantes
495 1051 597 1118 quam
619 1026 770 1119 impleri.
792 1027 901 1122 Parvo
926 1023 1029 1096 fames
1052 1042 1209 1111 constat,

129 1168 259 1237 magno
287 1142 473 1217 fastidium.
502 1143 690 1235 Paupertas
710 1154 869 1212 contenta
886 1155 938 1208 est
955 1137 1136 1209 desideriis
1155 1142 1211 1208 in-

128 1261 299 1331 stantibus
311 1260 517 1331 satisfacere.
534 1261 646 1330 Sanun
658 1257 755 1328 dives
770 1272 839 1340 est,
855 1259 915 1350 qui
929 1255 1011 1326 licet
1022 1255 1212 1330 habestdi-

127 1377 246 1460 vitias,
257 1401 315 1447 eas
328 1393 441 1454 tamen
454 1392 493 1449 ut
503 1377 674 1468 fugientes
684 1374 801 1444 habet.
816 1374 911 1467 Quid
921 1376 1005 1470 ergo
1017 1391 1087 1461 est,
1103 1398 1210 1467 quare

127 1515 268 1565 recuses
291 1511 367 1564 enm
393 1491 701 1576 contubernalem,
728 1491 826 1584 cujus
851 1513 961 1560 morus
986 1513 1086 1560 sanus
1114 1490 1210 1560 dives

125 1609 305 1678 imitatur?
327 1611 366 1681 Si
392 1611 444 1678 ris
465 1633 588 1679 vacare
602 1609 739 1694 animo,
761 1623 821 1676 aut
836 1631 968 1702 pauper
989 1610 1035 1677 sis
1053 1623 1207 1702 oportet,

124 1743 189 1800 ant
200 1730 344 1822 pauperi
357 1727 493 1798 similis.
506 1730 585 1798 Non
597 1742 710 1821 potest
722 1726 872 1797 studium
886 1726 1033 1796 salutare
1047 1728 1123 1796 fieri
1134 1728 1210 1795 sins

124 1843 335 1938 frngaiimtis
359 1868 456 1914 cura.
484 1843 699 1938 Frupulitns,
725 1858 908 1937 paupertas
930 1842 1121 1912 voluntaria
1141 1856 1205 1910 est.

123 1963 286 2054 Perpessi
309 1974 390 2030 sunt
410 1959 585 2042 muitotiss
606 1960 776 2031 eremitas
803 1960 952 2053 inopiam
977 1959 1127 2027 omnium
1150 1981 1208 2026 rs·

123 2103 226 2160 rum,
245 2080 406 2149 vixerunt
425 2075 616 2166 herborum
630 2075 826 2156 radicibus,¹
847 2092 881 2160 st
899 2073 993 2144 dictu
1011 2073 1131 2142 foedam
1151 2089 1209 2142 tu·
1257 2127 1259 2132 .

123 2196 244 2266 ierunt
260 2197 403 2282 famem3
423 2211 459 2264 et
481 2196 556 2264 haec
580 2193 873 2286 omnia-perpessi
896 2207 976 2261 sunt
995 2215 1058 2284 pro
1076 2211 1204 2284 reguo,

122 2333 196 2404 qno
212 2313 321 2405 magis
334 2311 489 2393 mireris,
507 2309 660 2381 nlisno¹..
755 2384 759 2402 ⁵

172 2427 356 2499 Dubitabit
369 2427 496 2518 aliquis
511 2426 604 2494 ferre
622 2416 874 2518 paupertatem,
894 2438 937 2490 ut
949 2423 1099 2492 animum
1116 2447 1136 2490 a
1153 2423 1207 2492 su-

122 2540 263 2612 roribus
277 2540 427 2610 liberet?
441 2537 561 2607 Multis
570 2587 590 2624 „
602 2536 737 2606 divitias
750 2560 906 2630 parasse,
927 2560 997 2604 non
1012 2537 1090 2604 finis
1105 2538 1205 2606 mise·

122 2657 255 2724 riurum
270 2655 355 2739 fuit,
376 2651 438 2722 sed
455 2653 609 2720 mutatio.
628 2647 701 2718 Nec
716 2650 784 2718 boc
803 2639 920 2717 miror.
944 2653 1021 2718 Non
1045 2651 1081 2718 in
1101 2649 1204 2720 rebus

120 2769 268 2850 vitium,
292 2766 410 2836 sedin
425 2767 539 2834 animo
563 2766 638 2858 ipso
656 2777 721 2831 est.
743 2751 834 2830 lttu'd
856 2762 950 2854 quod
968 2779 1202 2858 paupertatem

120 2906 265 2979 gravem
279 2883 378 2958 nobis
393 2883 538 2964 fecerat,
556 2894 592 2949 et
605 2879 742 2948 divitias
759 2901 879 2972 gruves
895 2878 1008 2947 faciet.
1026 2879 1202 2971 Quemad-

119 3001 263 3072 modum
278 2998 368 3068 nihil
383 2997 507 3084 refert,
524 3013 638 3067 utrum
652 3019 783 3089 aegrum
797 2997 835 3066 in
850 2995 937 3065 lecto
950 2995 1088 3092 ligneo,
1105 3024 1149 3069 sn
1164 3003 1200 3068 in

118 3141 229 3188 nureo
247 3115 413 3200 colloces3
435 3137 652 3208 quocumque
668 3112 766 3182 illum
789 3113 1024 3200 transtuleris,
1045 3117 1201 3188 morbum

119 3259 222 3302 suum
234 3257 349 3304 secum
363 3232 544 3304 transferet
560 3256 568 3296 s
586 3232 635 3299 sic
648 3228 736 3298 nihit
751 3230 878 3318 refert,
894 3247 1007 3300 utrum
1022 3256 1114 3324 aeger
1124 3237 1201 3304 ani·

118 3377 200 3424 mus
218 3354 255 3420 in
273 3349 422 3451 divitiis,
443 3375 488 3421 un
501 3349 539 3418 in
557 3364 757 3444 paupertate
772 3348 835 3434 sit,
852 3349 978 3420 malum
991 3377 1089 3422 suum
1104 3353 1199 3424 iilum
1319 3417 1322 3423 .

119 3468 291 3562 seqnitur.
319 3467 375 3536 Ad
400 3469 614 3540 securitatem
635 3490 705 3536 non
732 3482 785 3535 cst
811 3491 897 3560 opus
922 3468 1069 3549 fortuna.
1095 3471 1199 3563 Quod

119 3588 216 3656 enim
229 3587 421 3656 necessitati
443 3600 495 3654 sat
511 3599 580 3666 cst,
600 3583 717 3668 dabit,
737 3585 818 3652 licet
833 3565 931 3654 irata.
950 3589 1001 3656 Ne
1017 3571 1199 3682 imparatos

120 3727 186 3772 nos
199 3704 336 3772 fortuna
350 3700 605 3797 deprehendat,
623 3701 683 3770 fist
699 3702 798 3771 nobis
813 3720 993 3796 paupertas
1008 3706 1194 3796 familiaris.

120 3822 286 3891 Securius
304 3818 426 3888 divites
447 3820 597 3902 erimus,
620 3821 649 3888 si
671 3821 816 3890 sciemus
837 3845 937 3914 quam
957 3845 1024 3888 non
1039 3824 1081 3889 sit
1095 3846 1198 3914 grave

161 4072 182 4104 ι.
196 4052 319 4108 Possim
331 4053 423 4115 verbs,
440 4053 468 4106 iu
480 4053 559 4106 reteri
572 4051 636 4107 libro
688 4053 739 4106 dno
750 4071 853 4106 vorsus:
868 4052 976 4106 «Rebus
989 4053 1015 4105 in
1028 4036 1197 4107 att-eutita-

123 4131 258 4206 Lngduui,
269 4133 335 4206 spud
345 4131 637 4207 suipitsspidumsnn.
687 4131 735 4184 sile
748 4145 784 4186 est
802 4145 964 4186 contemnere
983 4132 1060 4184 vitam
1072 4131 1197 4200 [Fortius

123 4211 161 4262 1).
177 4209 241 4276 :stt
254 4210 325 4265 edito
334 4210 455 4284 leguntur
467 4211 592 4266 notissimi
609 4211 637 4263 bi
687 4210 730 4262 itte
739 4210 817 4276 iscit,
828 4210 874 4282 qui
887 4208 962 4264 miser
974 4229 1025 4264 ssss
1036 4222 1145 4282 potest.»
