2950 4934
283 435 343 502 tao
432 511 437 525 ,
579 437 618 502 a.
646 431 821 500 aunan
844 433 1058 506 sannen

277 563 498 645 Cornelium,
527 564 677 655 equitem
704 565 894 632 Romanum
920 562 1138 658 aplendidum
1165 581 1201 634 et
1219 566 1354 635 officio-

276 692 371 748 enm¹
392 703 536 748 noveras
556 705 564 745 :
584 703 625 747 er
642 680 737 758 tenui
755 681 929 774 principio
947 705 984 750 ae
1010 684 1084 775 ipae
1110 701 1349 775 promoverat,

276 814 312 865 et
327 799 397 892 jam
415 793 468 865 illi
486 795 628 866 declivia
651 811 727 864 erat
748 819 867 864 eureus
887 797 931 865 ad
944 813 1079 866 caetera.
1096 798 1246 869 Facilius
1259 802 1352 868 enim

235 949 250 982 α
277 915 400 984 crescit
426 911 595 1010 dignitas,
617 937 719 1006 quarn
746 914 881 1006 incipit.
907 914 1081 983 Pecunia²
1105 937 1241 1006 quoque
1260 916 1355 983 cirea

277 1047 513 1128 paupertatem
544 1031 725 1125 plurimam
757 1024 906 1100 moram³
934 1030 1064 1113 habet,
1102 1029 1184 1099 (lum
1219 1055 1260 1100 ex
1291 1031 1354 1100 illa

83 1195 86 1202 .
156 1233 159 1242 Δ
277 1141 429 1243 erepat⁴.
450 1148 516 1215 Hic
534 1147 635 1214 etiam
653 1147 797 1216 Senecio
814 1145 944 1216 divitiis
958 1146 1176 1231 imminebat,
1196 1147 1243 1217 ad
1267 1171 1354 1239 quaa

277 1262 373 1330 illum
391 1259 467 1329 duae
491 1282 547 1328 rea
565 1259 738 1328 ducebant
764 1259 1028 1344 efficacissimae,
1049 1277 1084 1329 et
1099 1260 1298 1353 quaerendi,
1318 1277 1355 1330 et

277 1375 491 1446 custodiendi
513 1377 674 1462 ocientia3
696 1401 843 1469 quarum
861 1376 917 1444 vel
938 1376 1045 1446 altera
1071 1376 1273 1470 locupletem
1300 1376 1354 1443 sa·

172 1545 178 1556 ·
236 1515 252 1566 3
278 1519 356 1566 cere
373 1496 552 1589 potuisset.
576 1497 643 1564 Hic
666 1495 769 1563 homo
792 1517 930 1563 summae
955 1495 1180 1587 frugalitatis,
1199 1519 1270 1562 non
1287 1496 1355 1561 mi·

279 1633 344 1678 nuo
367 1609 563 1702 patrimonii
588 1631 691 1701 quam
716 1609 870 1702 corporis
898 1606 1071 1702 diligens,
1093 1614 1205 1701 quumx
1226 1632 1279 1676 me
1311 1633 1354 1677 ex

281 1722 527 1796 consuetudine
558 1749 658 1810 mane
684 1716 876 1810 vidieaet⁵3
906 1749 1013 1816 quum
1038 1749 1103 1819 per
1128 1740 1233 1794 totum
1260 1723 1353 1793 diem

281 1841 390 1916 amieo
418 1839 568 1932 graviter
594 1837 735 1922 affecto,
764 1854 799 1906 et
822 1838 897 1907 aine
919 1862 979 1932 epe
1001 1831 1150 1932 jacenti,
1181 1863 1289 1930 utque
1317 1839 1355 1905 in

281 1972 414 2026 noctem
440 1953 639 2041 assedisaet3
674 1977 779 2046 quum
798 1953 920 2022 hilaria
940 1975 1119 2042 ooenaoaer,
1147 1977 1274 2048 genere
1290 1978 1355 2022 va·

280 2073 443 2148 letudinia
465 2073 633 2167 praecipiti
649 2063 846 2166 arreptuo‘,
878 2070 1024 2166 angina,
1045 2075 1103 2142 vix
1125 2096 1354 2166 compressum

240 2217 256 2281 4
282 2191 420 2258 arctatis
444 2189 598 2256 faucibus
624 2189 782 2282 spiritum
805 2190 907 2259 traxit
931 2191 967 2256 in
994 2189 1116 2258 lucem.
1146 2192 1241 2260 Intra
1269 2213 1357 2281 pau-

282 2306 432 2373 cissimae
461 2329 545 2399 ergo
568 2306 690 2389 horae,
711 2320 890 2398 postquam
922 2305 1078 2376 omnibns
1107 2320 1181 2373 erat
1211 2305 1284 2374 aani
1314 2327 1356 2372 ac

282 2422 425 2490 valentia
445 2421 567 2490 officiis
590 2422 744 2502 functus,
772 2420 928 2488 deceruit.
956 2421 1038 2506 Ille,
1062 2422 1179 2513 quiet
1204 2436 1296 2488 terra
1320 2437 1357 2488 et

283 2539 391 2610 mari⁷
410 2539 588 2632 pecuniam
604 2536 775 2632 agitabam
796 2538 856 2628 qui
875 2536 919 2606 ad
934 2530 1092 2632 puhlica⁸
1107 2562 1261 2631 qnoque,
1276 2539 1357 2606 nul-

284 2655 354 2724 lum
377 2656 575 2747 relinquens
591 2656 807 2748 inexpertum
826 2677 935 2746 genua
956 2672 1124 2747 quaestus,
1146 2671 1353 2760 accesserat,

321 2871 344 2906 ι.
357 2852 534 2918 Splendidam.
548 2849 685 2921 Epitheton
699 2847 797 2902 ortlinia
845 2849 998 2903 valameris
1010 2849 1127 2903 aer-ibitur
1141 2851 1169 2901 in
1183 2849 1241 2902 lihr.
1253 2861 1313 2902 vett.
1325 2847 1356 2900 S.

287 2927 417 2999 equestria.
429 2955 462 2968 ·-
479 2927 640 3001 Officthsum.
661 2927 798 2981 Salutatio·
881 2929 1066 2997 4.Enpotma
1073 2948 1099 2982 a.
1109 2927 1307 3000 Vulgoereptat„
1314 2927 1345 2981 S.

288 3005 378 3071 uibar,
389 3003 597 3072 deductionibus,
609 3018 656 3058 etc.
663 3007 755 3060 Ilulrk.
882 3009 905 3060 5.
912 3005 1359 3077 Quummeexconaueturlr'aemm

323 3103 346 3136 a.
364 3081 507 3138 Pecunia...
520 3096 616 3155 erepat.
627 3085 647 3136 l.
661 3103 682 3136 e.
694 3083 801 3156 pecnnia
850 3087 967 3138 uidisset.
984 3083 1118 3138 salutandi
1137 3083 1218 3156 gratia
1232 3101 1240 3135 t
1258 3102 1359 3136 tammo

290 3159 334 3211 rliu
344 3159 433 3231 exigua
441 3174 477 3214 eat
486 3161 600 3232 adeoque
612 3159 751 3235 paupertati
758 3159 804 3214 (liu
852 3162 922 3215 enim
942 3161 1000 3214 loco
1019 3162 1167 3216 eonatitntna
1179 3173 1232 3217 eru
1243 3161 1359 3221 Seneca,

289 3235 449 3302 atlhtereacit,
462 3238 523 3291 dum
535 3252 629 3292 areatat
640 3251 665 3292 et
680 3238 800 3311 deinceps
848 3241 893 3311 qni
912 3238 1049 3294 Senecioni
1065 3238 1161 3292 divitiis
1173 3236 1284 3290 inhianti
1303 3237 1359 3292 uti-

289 3337 319 3368 ea
331 3335 375 3379 aa,
386 3315 456 3367 velut
468 3337 481 3368 a
492 3317 554 3369 nido
569 3317 714 3390 angustiora
724 3355 731 3384 ,
742 3336 801 3370 ere-
848 3318 959 3372 linimur
977 3337 1030 3371 aare
1046 3329 1150 3390 poterat.
1165 3314 1262 3369 Multus
1274 3331 1357 3368 antem

290 3405 338 3465 pat.
359 3392 475 3446 llluretua
496 3393 583 3448 laudat
611 3395 738 3450 Plutarch.
759 3398 802 3450 An
849 3397 892 3452 hie
908 3408 961 3449 erat
976 3395 1004 3448 in
1020 3393 1136 3470 augenda
1151 3393 1258 3466 pecunia
1273 3412 1357 3464 nago-

291 3471 354 3525 Seni
370 3472 403 3524 ait
422 3473 533 3546 gerenda
555 3475 630 3550 lleap.
646 3497 668 3529 c.
685 3493 728 3544 vr,
741 3476 802 3529 vol.
849 3473 911 3539 tila,
931 3485 1086 3538 mercatura,
1107 3469 1208 3544 pmdiia
1228 3469 1357 3532 amendia,

291 3552 343 3607 xli
356 3573 380 3623 p.
401 3572 447 3623 109
467 3553 539 3606 liuu.
555 3553 586 3607 de
606 3555 726 3626 Lampide
739 3556 803 3610 De·
850 3549 1003 3614 vendenda,
1016 3549 1163 3603 etollull·

291 3629 430 3692 mosthenia
446 3631 553 3702 tequali,
572 3632 691 3686 nauclero
704 3633 804 3687 ditissi-
885 3625 1358 3699 &Amfflrss·0·RqA·¹l⁰⁰ll”lil

291 3727 345 3774 rno,
358 3709 402 3778 qui
412 3708 592 3782 interrogatur,
605 3711 733 3782 quomodo
745 3724 803 3764 tan·
850 3709 977 3778 adreptus
989 3708 1031 3761 vel
1048 3718 1192 3776 torremur,
1208 3725 1262 3759 non
1277 3707 1358 3758 abre-

292 3799 329 3839 taa
336 3789 395 3858 op'ea
402 3786 718 3861 aihiparaasetlreapondit
727 3807 734 3841 :
744 3791 804 3842 Par·
848 3796 922 3856 ptus,
932 3800 961 3839 nt
972 3785 1029 3838 edd.
1042 3807 1056 3838 a
1067 3785 1135 3838 hlur.
1145 3782 1225 3836 Scau.

293 3863 458 3935 mquidem
474 3883 583 3937 magno,
601 3885 706 3940 magnas
725 3886 803 3940 parvo
886 3887 909 3936 7.
925 3865 1008 3919 Terra
1019 3875 1046 3917 et
1060 3865 1137 3916 mari.
1151 3859 1358 3929 ItaGrntquin-

293 3943 388 3995 labore.
400 3939 490 3994 Ma.
852 3966 910 4018 qne.
924 3944 991 3996 Ante
1003 3959 1010 3996 t
1021 3945 1093 3995 mari
1102 3951 1128 3993 et
1135 3951 1154 3992 t.
1165 3939 1253 3992 Ruth.

326 4019 349 4072 3.
368 4021 522 4075 Plurimum
541 4043 652 4077 morum.
669 4023 757 4097 Vulgo
775 4045 804 4077 ex
885 4024 909 4076 8.
922 4024 970 4074 Ad
977 4023 1092 4091 publica·
1105 4016 1244 4091 Vectigalia
1256 4015 1359 4070 oontln-

294 4099 361 4153 Mur.
383 4101 484 4156 emend.
507 4101 607 4156 Reatina
626 4101 703 4156 fuerit
718 4104 804 4172 plan·-
853 4101 941 4156 centla.
955 4099 996 4154 cf.
1007 4095 1133 4154 Gratuatl
1144 4093 1358 4149 circumlita

188 4239 191 4246 ¹
293 4179 682 4248 ruummoroellamplurimum
689 4199 805 4233 amoram
854 4181 908 4245 111,
924 4199 946 4234 e.
957 4191 1070 4230 mvrrr.
1082 4173 1170 4227 nuta

442 4337 452 4372 l
