2950 4934
287 440 351 510 ²9⁰
572 412 615 483 L.
641 412 823 483 ANNAEI
846 414 1065 487 SENECAE

217 525 222 533 ⁴
285 550 396 643 gimtm
408 550 439 632 ¹,
454 542 548 639 quod
562 544 719 615 omnibus
734 546 836 615 insita
850 545 893 614 de
905 547 981 617 Diis
995 547 1112 643 opinio
1127 564 1196 632 est,
1212 546 1357 619 usculis

284 686 367 759 gens
384 687 528 756 usquam
544 678 595 731 est
613 662 699 732 adeo
717 678 813 731 extra
824 661 919 755 leges
937 687 1115 758 moresque
1130 665 1298 762 projecta,
1317 680 1356 732 ut

281 806 351 852 non
367 780 499 874 aliquos
514 782 604 851 Deos
621 779 753 849 credat.
774 779 893 874 Quum
904 780 949 849 de
962 783 1150 853 animarum
1167 783 1355 852 aeternitnte

281 897 496 982 disserimus,
518 922 586 967 non
601 899 676 966 leve
688 915 895 967 momentum
908 897 1001 993 apud
1015 924 1077 969 nos
1094 899 1197 969 habet
1212 921 1353 967 consen-

280 1038 337 1083 sus
354 1014 548 1099 hominum,
576 1030 636 1083 aut
660 1015 852 1084 timentium
877 1016 1024 1100 inferos,
1042 1032 1102 1086 aut
1127 1017 1349 1086 'colentium

238 1144 255 1197 t
278 1134 364 1203 Utor
381 1130 447 1201 hac
469 1131 608 1225 publica
630 1132 851 1224 persuasione
874 1159 881 1199 :
904 1135 1075 1202 neminem
1100 1134 1270 1216 invenies,
1291 1133 1351 1223 qui

277 1269 347 1315 non
360 1260 457 1341 putet
472 1260 507 1314 et
524 1246 727 1339 sapientiam
746 1245 893 1328 bonum,
911 1261 946 1316 et
959 1247 1085 1318 bonum
1105 1242 1260 1341 sapere³.

324 1366 403 1433 Non
428 1363 570 1449 faciam,
592 1362 684 1456 quod
710 1363 794 1431 victi
817 1364 948 1446 solent,
969 1380 1009 1433 nt
1024 1388 1204 1457 provocem
1220 1362 1264 1432 ad
1283 1386 1351 1456 po-

275 1480 393 1576 pulum
405 1473 441 1546 ⁴:
459 1480 588 1548 nostris
601 1480 806 1573 incipiamus
819 1473 831 1516 ⁵
845 1482 950 1549 armis
962 1480 1159 1575 confligere.
1175 1480 1277 1574 Quod
1291 1503 1351 1548 ac-

276 1596 361 1668 cidit
378 1596 501 1679 alicui,
522 1612 636 1665 utrum
650 1612 745 1665 extra
763 1595 818 1679 id,
838 1599 894 1666 eni
913 1596 1058 1684 accidit,
1076 1614 1146 1684 est,
1171 1622 1215 1665 an
1228 1599 1266 1665 in
1283 1620 1348 1679 eo,

275 1714 331 1782 oui
349 1712 500 1782 accidit?
520 1713 555 1783 Si
576 1713 612 1781 in
634 1737 675 1783 eo
697 1728 769 1797 est,
795 1715 851 1783 cui
874 1712 1021 1797 accidit,
1045 1730 1113 1784 tam
1131 1738 1254 1809 corpus
1274 1730 1346 1798 est,

275 1852 378 1922 quam
396 1825 503 1911 ittud,
526 1828 583 1896 cui
601 1828 739 1898 accidit.
759 1829 856 1897 Nihit
873 1832 965 1899 enim
981 1830 1140 1900 accidere
1158 1830 1232 1899 sine
1254 1845 1349 1897 tactu

234 1988 247 2038 7
273 1960 404 2040 potest,
430 1943 523 2038 quod
545 1946 672 2039 tangit,
699 1968 824 2040 corpus
843 1962 906 2016 est.
935 1948 971 2017 Si
997 1962 1092 2015 extra
1117 1962 1186 2029 est,
1208 1960 1348 2038 postea-

273 2086 374 2157 quam
389 2061 578 2148 acciderat,
597 2065 758 2151 recessit3
776 2064 871 2157 quod
892 2066 1054 2151 recessit,
1075 2080 1201 2133 motum
1214 2063 1344 2149 habet3

273 2176 367 2271 quod
383 2193 510 2247 motum
528 2176 653 2263 habet,
676 2203 801 2275 corpus
819 2197 881 2250 eat.
906 2184 1030 2276 Speras
1047 2205 1101 2251 me
1124 2172 1345 2261 ‘dicturum

272 2318 342 2364 non
361 2318 435 2364 esse
453 2295 549 2364 aliud
575 2319 732 2379 cursum,
756 2297 852 2367 aliud
870 2322 1034 2385 currere,
1057 2322 1122 2366 nec
1140 2296 1233 2366 aliud
1251 2295 1351 2365 caio-

270 2434 362 2494 rem,
384 2411 479 2480 aliud
499 2412 633 2501 calere,
654 2438 719 2483 nec
731 2414 827 2483 aliud
845 2414 975 2495 iucem,
998 2412 1093 2483 aliud
1109 2413 1234 2481 lucere.
1251 2413 1351 2480 Con-
1461 2477 1462 2484 ,

271 2529 356 2598 cedo
376 2531 440 2598 ista
458 2529 526 2601 alia
541 2554 633 2617 erse,
655 2530 717 2600 sed
735 2556 805 2601 non
821 2533 921 2601 sortis
934 2532 1075 2601 alterius
1090 2536 1118 2598 ².
1132 2531 1167 2599 Si
1184 2526 1350 2599 valetudo

271 2774 382 2847 primum
395 2794 447 2830 esse
458 2775 534 2844 deos,
544 2777 613 2848 qnod
627 2777 654 2830 in
665 2777 783 2832 omnium
831 2777 947 2831 cordiam
961 2776 1118 2852 implorabat.
1134 2774 1232 2849 Lipsius
1248 2775 1277 2828 in
1288 2774 1349 2829 Sa·

271 2855 361 2909 animia
376 2876 464 2909 eorum
480 2856 598 2909 notitiam
615 2857 784 2931 impressisset
831 2856 928 2923 tornai,
941 2875 971 2920 a,
988 2876 1026 2908 aa.
1038 2854 1079 2907 cf.
1089 2857 1136 2928 Ep.
1149 2868 1254 2917 mult,
1272 2874 1295 2907 a.
1307 2853 1348 2906 R.

271 2934 324 3007 ipsa
343 2934 461 2989 Natura:
575 2934 782 3009 anticipationem
830 2935 1014 2988 -Prooocorc
1021 2932 1348 3004 adpopulumdsiisqno-

272 3012 408 3082 quamdam
416 3012 522 3066 deorum
532 3012 600 3066 hanc
605 3012 713 3086 appellat
722 3012 783 3087 Epi·
831 3031 880 3083 que
890 3010 1035 3079 dicebatur,
1045 3012 1088 3082 qui
1099 3030 1112 3063 a
1124 3009 1271 3081 magistratu
1281 3029 1348 3081 qno-

272 3109 347 3142 curns
358 3090 493 3161 πρόληψιν,
504 3102 552 3143 etc.
562 3112 576 3139 a
588 3090 679 3143 Ruth.
832 3090 893 3144 dam
907 3089 1019 3143 &munti
1029 3128 1038 3157 ,
1050 3088 1084 3143 ad
1095 3087 1181 3161 popuii
1191 3088 1347 3142 sententiani

309 3186 330 3219 ι.
343 3167 403 3221 Hoc
415 3171 563 3237 colligimus
575 3181 700 3223 recreans.
716 3190 744 3223 o.
759 3182 784 3222 ct
832 3168 1023 3241 confugiebant.
1034 3167 1095 3222 Vid.
1106 3167 1159 3223 Tit.
1172 3166 1282 3220 atatis.
1294 3167 1344 3233 ll,

274 3246 313 3299 cd.
323 3248 358 3298 A.
366 3243 501 3319 Perperam
512 3245 565 3299 hac
573 3266 594 3299 c.
603 3248 639 3299 fl.
650 3247 783 3320 Siccollt'g·
832 3268 898 3323 qao
910 3268 948 3317 sq.

273 3324 353 3397 vulgo
364 3324 512 3379 cddd'chw.
864 3326 1155 3398 5.1mtptamus‚non
1173 3324 1344 3393 incipimus,

308 3404 594 3459 salernitanam
601 3405 785 3479 sdjccitliuhk
833 3404 971 3458 moli-A.
979 3433 1012 3447 -
1021 3404 1141 3467 Nostris,
1152 3401 1170 3454 i.
1181 3421 1205 3453 c.
1212 3402 1306 3455 atoicia.
1312 3400 1344 3453 S.

275 3503 333 3539 cum
345 3482 478 3537 nonnullis
491 3482 609 3537 Pinciani
621 3498 646 3538 et
655 3486 727 3541 Grut
738 3506 785 3540 co-
866 3484 891 3537 6.
903 3482 1002 3555 Speras
1014 3481 1056 3536 ine
1069 3483 1210 3542 daturum.
1225 3500 1277 3531 raon
1287 3497 1349 3532 me

275 3556 483 3635 dicibus,quibua
490 3560 586 3615 accedit
593 3576 676 3618 nomer
682 3585 703 3619 c.
711 3566 783 3620 etad.
832 3564 921 3626 aliud,
929 3574 976 3615 etc.
982 3561 1088 3613 Temere
1098 3577 1181 3628 speres
1193 3557 1251 3621 cdd.
1260 3556 1343 3611 Sdrae.

274 3643 310 3697 A·
326 3644 505 3695 Assumcntum
524 3641 606 3708 istud,
624 3644 715 3699 merito
729 3646 785 3699 ina·
866 3636 1343 3708 7.Scdoonsortisn1terius.8icajua-

273 3720 407 3794 probatum
429 3721 557 3789 Grutero,
575 3722 783 3795 ignorationes.
833 3721 893 3773 dcta
903 3720 977 3773 sortia
988 3731 1054 3782 sunt,
1062 3716 1167 3789 utqnod
1179 3716 1211 3769 da
1221 3735 1276 3769 uno
1288 3715 1340 3769 dici

274 3818 333 3853 cum
346 3799 385 3852 ed.
395 3800 431 3853 lt.
440 3800 521 3854 Schts.
834 3811 933 3872 potest,
954 3798 1005 3851 dici
1019 3797 1097 3869 possit
1112 3794 1186 3848 etiam
1198 3795 1230 3848 da
1240 3795 1340 3847 altero:

308 3878 331 3931 3.
344 3876 385 3931 Et
391 3878 486 3930 bonum
493 3883 591 3949 iopen.
602 3877 698 3933 Aberat
705 3880 784 3955 vulgo
833 3900 881 3933 aec
899 3880 1016 3933 videmus
1025 3878 1154 3951 quomodo
1168 3874 1218 3929 alia
1230 3875 1283 3928 sint
1294 3896 1341 3928 aa·

275 3956 357 4009 media
368 3976 424 4011 vox.
432 3954 514 4011 Stoa.
832 3978 891 4034 perc
900 3971 926 4012 et
933 3957 1069 4029 sapientia;
1080 3954 1153 4008 nobis
1162 3954 1263 4008 videtur
1270 3954 1338 4007 idem

308 4034 332 4100 4.
349 4032 386 4087 Ut
394 4052 528 4105 provocem
542 4037 582 4089 nd
595 4039 732 4107 poprium.
750 4037 783 4091 In
830 4039 909 4093 variis
919 4036 1065 4092 nominibus
1079 4051 1236 4109 expressum:
1248 4054 1337 4108 nempe

273 4131 349 4166 arene
362 4126 385 4167 et
394 4113 550 4187 gladiatoriis
560 4114 669 4189 pugnis,
681 4116 727 4171 ubi
738 4114 783 4187 qui
830 4117 938 4171 aiterum
946 4116 1047 4170 alterius
1054 4133 1152 4188 semper
1158 4113 1242 4165 iocum
1253 4112 1281 4164 in
1288 4131 1337 4164 ser·

272 4191 448 4261 auccnbnent,
459 4193 547 4268 popuii
558 4214 633 4269 opem
646 4208 670 4251 ct
680 4196 782 4250 auberi-
830 4214 1033 4270 moneocnrpara
1038 4206 1127 4268 potest,
1135 4193 1336 4247 laesoforaaaaar·
