2950 4934
341 424 407 511 448
737 419 1027 494 EXCERPTA
1156 417 1158 422 ¹

339 554 454 622 vitiis:
469 575 537 622 ιιοιι
554 551 651 646 eujus
667 552 832 622 auriculis
848 554 1022 646 utrimque
1041 549 1121 622 bins
1135 525 1415 646 patrimoniu'de·

339 669 513 764 pendeant
533 693 541 734 :
563 693 633 738 non
647 694 749 763 quum
764 671 957 764 margarite
974 669 1157 754 suffocent,
1173 671 1229 740 eui
1243 672 1361 740 minim
1377 673 1415 740 sit

339 789 377 856 in
390 788 469 859 dote
489 811 592 880 quum
610 789 647 858 in
663 803 782 858 veste:
801 811 903 880 quem
923 788 961 858 in
983 804 1119 881 patente
1135 788 1219 858 sella
1234 787 1414 858 circumla-

340 921 409 974 tum
426 929 490 999 per
505 903 628 974 urbem
648 904 795 1000 populus
812 902 857 972 sb
880 906 971 973 omni
990 921 1087 998 purte
1104 927 1202 998 aeque
1217 920 1256 973 ut
1276 906 1415 974 maritus
1471 921 1472 932 ¹

341 1023 548 1117 inspexerit:
564 1023 663 1116 eujus
675 1021 820 1092 ssreiuis
838 1020 958 1092 domus
972 1023 1016 1091 sit
1035 1037 1191 1116 ungusta.
1208 1023 1308 1091 Hune
1321 1021 1416 1092 lneile

341 1138 385 1208 od
400 1155 476 1209 tuos
493 1163 606 1209 mores
627 1137 784 1234 rediges,
806 1163 908 1233 quum
931 1137 1081 1208 nondum
1104 1153 1335 1233 corruperunt
1354 1164 1417 1232 pu·
1449 1179 1453 1184 -

342 1257 439 1326 bliei.
458 1259 603 1327 Uxorem
616 1257 742 1328 bonum
752 1257 863 1327 amisi.
880 1259 956 1326 Non
975 1256 1148 1327 erubescis
1161 1257 1264 1342 llere,
1281 1275 1317 1326 et
1330 1259 1418 1326 into·
1471 1277 1472 1280 ’

342 1371 518 1441 lsrobilem
528 1395 651 1442 voesre
661 1373 855 1466 jucturam?
867 1373 940 1442 lioc
950 1395 1056 1442 unum
1066 1370 1161 1442 deest
1175 1388 1312 1441 :utrum
1326 1372 1417 1441 illam

342 1486 482 1581 lugens,
498 1512 544 1556 on
560 1511 642 1557 non.
661 1489 778 1580 Quum
793 1489 952 1556 moritum
968 1504 1001 1556 te
1015 1488 1238 1580 cogitaveris,
1254 1488 1369 1581 eogita
1386 1503 1419 1556 et

230 1694 235 1706 .
341 1603 466 1671 virum.
484 1604 591 1673 Amisi
603 1628 740 1673 uxorem
761 1604 898 1674 bonnm.
916 1605 1021 1673 Soror
1037 1603 1128 1672 bons
1144 1627 1214 1674 non
1230 1619 1344 1698 potest
1359 1629 1418 1674 re·

341 1719 512 1811 oupernri,
523 1741 588 1788 nec
596 1734 718 1788 meter.
728 1721 822 1789 Uxor
829 1717 1053 1788 adventitium
1063 1718 1273 1792 honumest:
1290 1743 1361 1788 non
1371 1737 1418 1788 est

342 1835 520 1922 interillos,
538 1860 615 1929 que
633 1835 739 1906 semel
758 1837 945 1928 unicuique
965 1838 1182 1930 contingunt.
1204 1835 1315 1906 Amisi
1334 1861 1419 1905 uxo-

342 1973 414 2018 rem
425 1949 564 2020 bonum.
576 1944 703 2020 Multos
714 1948 777 2018 tibi
791 1971 972 2020 numerere
986 1973 1135 2044 possum,
1154 1949 1281 2042 quibus
1294 1950 1418 2020 bonum

343 2096 481 2142 uxorem
499 2071 696 2166 lugentibus
709 2073 871 2142 suecessit
889 2072 1021 2142 melior.

392 2197 507 2278 Mors,
531 2194 708 2276 exsilium,
736 2195 868 2278 luctus,
889 2194 1001 2278 dolor,
1029 2217 1100 2262 non
1121 2212 1202 2264 sunt
1226 2195 1416 2290 supplicia,

342 2309 404 2381 sed
418 2302 544 2378 tributa
561 2308 713 2378 vivendi.
728 2311 906 2378 Neminem
928 2310 1070 2378 illesum
1087 2310 1155 2380 fsta
1169 2314 1415 2381 transmittunt.

292 2401 299 2412 .
342 2425 441 2498 Felix
452 2443 504 2496 est
520 2450 589 2497 uon
602 2427 662 2517 qui
680 2425 756 2494 sliis
770 2426 919 2512 videtur,
933 2425 995 2494 sed
1008 2427 1068 2517 qui
1080 2425 1164 2495 sibi.⁴

811 2621 936 2644 ⁸1-—

455 2821 532 2894 ill.
560 2834 613 2892 on
638 2835 843 2907 ousnuos
871 2831 1133 2894 vtnrurtoos
1159 2833 1302 2893 utens.

352 3016 808 3100 ·N.n.111cttnettus,qusm
825 3017 1424 3100 atuossmuuummeoe,anso
1471 2981 1472 3012 ¹

341 3137 459 3209 mutuor
468 3127 619 3189 motus
630 3125 826 3188 cardinalibus
837 3123 1024 3202 interibunt,
1036 3145 1143 3188 omnes
1150 3137 1252 3188 sutem
1261 3121 1299 3186 L.
1307 3124 1352 3185 A.
1363 3121 1423 3187 Se·

342 3253 423 3296 neooe
432 3232 567 3296 tribuunt
577 3275 587 3308 ,
597 3253 709 3316 magno
720 3231 752 3293 in
762 3231 882 3295 honore
893 3235 975 3316 apud
985 3231 1091 3296 medie
1100 3233 1195 3294 etatis
1208 3234 1314 3295 doctos
1325 3231 1423 3295 fuisse

342 3339 468 3402 ridetur.
481 3337 625 3403 Plurimos
637 3342 720 3424 enim
731 3339 813 3402 illius
826 3338 896 3402 lihri
915 3340 1078 3416 editiones,
1094 3359 1150 3402 nec
1163 3359 1224 3400 non
1239 3359 1308 3426 oum
1323 3339 1424 3402 scho-
1471 3341 1472 3344 ’

339 3444 405 3522 liis,
429 3459 577 3530 perpetuo
596 3445 833 3519 commentario,
854 3459 884 3508 et
905 3447 997 3508 variis
1011 3445 1211 3516 lectionibus.
1234 3460 1422 3520 oecurrtnst,

340 3573 468 3634 quarum
484 3552 644 3615 nonnullas
664 3553 758 3616 habet
781 3551 878 3640 Regis
905 3552 1103 3618 Bibliotheca.
1128 3551 1195 3616 Nos
1220 3566 1323 3615 sotem
1343 3551 1426 3616 Des.
1471 3587 1472 3614 ;

341 3656 466 3722 Erum
481 3655 629 3723 Roterotl.
644 3660 807 3724 editionem
824 3661 917 3724 secuti
934 3681 1054 3740 sumus,
1070 3661 1170 3724 varias
1183 3661 1262 3724 lectt.
1277 3673 1309 3722 et
1328 3661 1426 3723 scho-

340 3759 382 3820 lis
399 3759 592 3836 omittentes,
614 3773 648 3822 ut
660 3761 692 3822 in
706 3780 801 3845 opere
814 3761 906 3822 nimis
919 3761 1019 3844 exigui
1030 3761 1191 3824 momenti.
1208 3759 1270 3822 En.

387 3867 506 3941 «Quod
519 3866 653 3960 sequitur
662 3867 841 3950 opusculum
852 3851 916 3930 sine
926 3867 1133 3932 controversis
1144 3888 1206 3929 non
1221 3881 1266 3930 est
1279 3865 1422 3944 senece,

341 3969 413 4037 licit
426 3973 558 4035 admixta
571 3974 631 4036 sint
643 3973 793 4057 permulto
808 3995 844 4037 ex
859 3976 924 4058 ejus
934 3973 1021 4038 lilrris
1031 3977 1190 4059 decerpta,
1201 3975 1299 4037 studio
1312 3974 1426 4037 homi-
1471 3969 1472 3974 ¹

340 4079 388 4140 nis
398 4076 574 4141 Cliristisni.
585 4077 668 4142 Num
679 4079 711 4141 in
722 4080 789 4164 ipso
799 4083 899 4143 statim
912 4081 998 4143 initio
1011 4081 1142 4144 occurrit
1157 4104 1164 4139 ε
1179 4107 1195 4137 s
1205 4079 1290 4144 Seite
1302 4081 1424 4157 debes,
1471 4103 1472 4154 j

342 4183 412 4263 quis
425 4199 504 4246 sunt.
522 4213 537 4240 n
554 4183 600 4248 Ac
610 4205 681 4246 mox
699 4208 707 4246 ι
724 4211 742 4240 α
759 4207 795 4248 ex
806 4186 897 4250 rebus
911 4187 1101 4250 transitoriis.
1113 4215 1128 4244 r
1144 4185 1280 4250 Rursum
1289 4183 1370 4271 Cap.
1383 4190 1427 4250 de
1471 4173 1472 4196 ¹
