2950 4934
349 473 625 545 EPISTOLA
649 471 880 542 LXXXIX.
1118 497 1153 540 ιι

79 613 156 682 duas
169 626 288 704 partes
304 606 488 690 dividitur,
504 608 541 676 in
553 605 660 677 verba
674 621 709 674 et
722 603 1014 698 significationes,
1032 601 1070 670 id
1087 619 1157 688 est,

80 731 112 795 in
128 751 205 809 res,
225 751 305 819 quae
325 723 502 810 dicuntur,
519 739 554 792 et
566 721 749 800 vocabula,
769 720 896 814 quibus
909 718 1083 789 dicuntur.
1102 721 1161 788 In·

82 869 159 939 gens
174 843 307 914 deinde
326 845 483 937 sequitur
499 844 679 934 utriusque
698 839 837 908 divisio.
862 841 984 930 Itaque
1000 837 1069 906 boc
1085 836 1161 906 loco

82 962 182 1030 finem
202 961 347 1042 facium,

219 1138 295 1154 .....
308 1101 342 1154 Et
353 1118 454 1154 summa
464 1119 554 1170 sequar
564 1096 663 1171 fastigia
678 1117 765 1150 rerum
775 1098 798 1162 ¹3

82 1222 228 1319 alioqui,
256 1226 287 1294 si
310 1224 452 1293 voluero
475 1224 586 1292 facere
607 1223 754 1317 partium
775 1237 910 1315 partes,
939 1219 1161 1311 questionum
1188 1279 1220 1316 's

82 1342 169 1411 liber
187 1341 263 1410 fiet.

125 1461 230 1540 Haec,
251 1457 383 1539 Lucili,
404 1457 555 1524 virorum
574 1455 736 1546 optime²,
759 1475 827 1543 quo
849 1452 962 1517 minus
984 1450 1077 1542 legas
1093 1473 1163 1518 nou
1192 1494 1220 1542 ¹⁷

80 1574 260 1658 deterreo3
281 1571 484 1654 dummodo,
507 1567 677 1662 quidquid
695 1567 840 1660 legeris,
861 1565 906 1634 ad
923 1589 1034 1634 mores
1050 1567 1162 1633 statim

81 1690 223 1758 referas.
255 1689 336 1757 Illos
350 1710 547 1781 compesce,
564 1685 751 1753 marcentia
778 1685 816 1750 in
843 1699 879 1752 te
907 1684 1034 1767 excita,
1056 1683 1166 1752 soluta

82 1807 299 1900 constringe,
322 1805 536 1874 contumacia
553 1799 670 1896 doma,
688 1799 892 1894 cupiditates
906 1815 980 1868 tuas
995 1782 1165 1894 publicasss

84 1947 169 2014 que,
189 1937 357 2014 quantum
373 1935 486 2015 potes,
500 1941 604 2004 vexa,
618 1933 653 1985 et
667 1918 740 1986 istis
754 1915 950 2013 dicentibus
965 1944 973 1983 :
989 1918 1166 2013 Quousque

84 2040 202 2104 eadem
213 2036 415 2130 Presponde
428 2062 435 2102 :
452 2063 468 2099 s
481 2039 553 2128 Ego
566 2033 734 2104 debebam
742 2027 755 2068 ³
764 2031 899 2102 dicere:
915 2034 1091 2128 Quousque
1104 2057 1166 2099 ea-

84 2153 158 2217 dem
176 2142 393 2243 peccabitis?
411 2148 577 2218 Remedia
600 2163 678 2216 ante
698 2147 824 2231 vultis,
844 2172 946 2241 quam
966 2148 1051 2216 vitia
1075 2145 1168 2214 desi·
1195 2183 1224 2233 ,g

85 2291 166 2336 nere
184 2295 193 2334 ι
211 2291 280 2360 ego
293 2291 377 2334 vero
391 2289 433 2334 eo
449 2267 555 2358 magis
570 2251 702 2347 dicam,
719 2281 773 2348 et,
790 2267 870 2358 quia
886 2266 1073 2348 recusatis,
1089 2287 1168 2357 per·

86 2383 265 2452 severabo.
275 2385 376 2452 Tunc
388 2383 510 2476 incipit
520 2381 691 2451 medicina
700 2383 869 2477 proficere
883 2433 892 2466 ,
905 2381 966 2450 ubi
975 2383 1013 2449 in
1024 2403 1167 2475 corpore

85 2501 233 2569 alienato
265 2499 418 2569 dolorem
444 2515 552 2569 tactus
580 2503 758 2594 expressit.
788 2501 907 2570 Dicam
931 2501 1033 2600 etiam
1052 2499 1168 2566 invitis

86 2618 281 2710 profutura.
305 2615 500 2710 Aliquando
518 2617 633 2709 uliqua
651 2617 695 2685 ad
713 2641 774 2686 vos
793 2641 861 2685 non
879 2615 1007 2684 blanda
1022 2640 1087 2684 vox
1103 2640 1169 2684 ve-

87 2736 175 2822 niat,
197 2751 235 2804 et
245 2786 258 2823 ‚
279 2737 362 2828 quia
379 2759 499 2803 rerum
519 2735 646 2830 singuli
664 2735 785 2805 audire
802 2760 873 2820 non
890 2735 1010 2817 sultis,
1032 2733 1169 2828 publice
1205 2782 1208 2786 ,

87 2849 217 2918 audite.
231 2849 427 2943 Quousque
441 2849 527 2916 fines
540 2844 806 2942 possessionum⁴
821 2847 1054 2943 propagabitis
1063 2849 1170 2942 inger

89 2966 147 3032 uni
162 2963 318 3050 domino,
334 2966 394 3057 qui
409 2965 573 3059 populum
585 2955 710 3058 cepit⁵,
728 2980 892 3059 angustus
905 2977 968 3032 est.
980 2962 1170 3055 Quousque

87 3084 261 3151 arationes
287 3097 417 3151 vestras
443 3083 646 3176 porrigetis,
667 3105 712 3150 ne
731 3080 983 3175 provinciarum
1007 3071 1168 3172 ⁶quidom

88 3201 219 3302 satione
238 3201 391 3269 contenti
409 3199 693 3270 circumscribere
711 3199 919 3293 praediorum
940 3195 1103 3266 modum?
1121 3199 1170 3266 Il·
1200 3245 1232 3292 ,9

87 3415 126 3467 ed.
137 3415 177 3468 lt.
187 3416 352 3488 Indedffsu
360 3415 400 3468 ed.
408 3415 450 3468 Er.
459 3413 556 3470 Divisa
566 3416 606 3468 cd.
690 3416 714 3480 4.
731 3413 878 3485 Quousque
886 3416 956 3484 fines
967 3419 1170 3483 possessionum.

87 3496 154 3548 itur.
167 3507 193 3546 et
203 3515 259 3566 sqq⁴
269 3494 351 3548 Schts.
658 3495 779 3567 Spectant
798 3493 852 3548 baec
864 3495 897 3547 ad
909 3495 1103 3547 latifundiorum
1114 3515 1172 3569 pos-

122 3594 144 3625 ι.
158 3571 477 3625 Rerum-Hemistiobium
489 3573 606 3644 estVirg.
656 3573 793 3637 sessiones,
807 3592 865 3643 quae
882 3591 956 3626 causa
975 3573 1101 3645 prsecipoa
1112 3573 1174 3626 Roi-

88 3653 176 3704 AEud
187 3691 194 3710 .
207 3651 371 3720 34s.1lu}rlr.
656 3652 726 3726 publ.
737 3651 874 3704 laborantis
889 3663 961 3704 erant
973 3673 979 3705 ε
992 3653 1022 3705 de
1036 3651 1129 3724 quibus
1140 3655 1172 3704 cf.

120 3749 145 3781 s.
157 3729 243 3794 Hoec,
261 3727 362 3796 Lucili,
377 3732 492 3783 drumm
502 3733 606 3798 optime.
658 3729 1172 3800 Sencc.deVitaBest.c.17,3.Ep.cxrv.
1210 3763 1221 3780 0

89 3808 166 3860 Meus
188 3807 287 3878 aliique
305 3807 391 3881 scripti
413 3809 454 3860 bie
474 3808 609 3861 ordiuntur
658 3809 683 3862 6.
700 3831 722 3878 7.
735 3810 826 3863 Horat.
838 3809 923 3862 Carm.
936 3811 962 3875 l,
978 3829 1000 3874 ι,
1015 3828 1041 3880 9,
1052 3821 1076 3861 et
1087 3829 1117 3862 ro
1127 3808 1173 3861 ubi

90 3905 186 3938 novam
207 3886 340 3959 epistolam
353 3905 450 3958 :nsque
465 3886 509 3939 abs
527 3897 557 3938 re'
573 3887 609 3938 vi·
658 3885 1008 3940 vid.llllitscberlich.1lultlr.
1101 3881 1105 3890 ’

90 3961 172 4015 detur.
189 3964 264 4032 lips.
273 3991 308 4003 -
322 3966 355 4015 As
366 3963 456 4017 saltem
470 3983 523 4017 non
537 3963 607 4016 nulla
692 3968 714 4034 5τ
738 3965 792 4036 Qui
806 3967 934 4032 populum
943 3968 1016 4034 cepit.
1026 3965 1056 4017 ln
1067 3985 1118 4034 quo
1127 3985 1174 4040 po-

94 4041 177 4093 deesse
190 4042 265 4094 facilc
281 4041 443 4096 crediderim.
659 4045 734 4115 pulus
745 4044 933 4096 continebatur.

123 4117 147 4171 3.
167 4119 314 4174 Debebum.
338 4121 434 4192 Scripsi
453 4141 511 4174 cum
528 4125 563 4174 A.
588 4139 608 4173 c.
692 4121 716 4174 b.
735 4122 778 4175 Nc
789 4126 982 4192 provenciamm
1001 4126 1116 4194 quidem.
1132 4123 1174 4175 En

94 4198 145 4252 Pal.
167 4219 190 4249 a.
210 4213 234 4252 et
249 4201 305 4255 Col.
318 4201 407 4274 Vulgo
418 4203 509 4264 debeo,
524 4222 551 4253 er
566 4203 605 4254 ed.
656 4201 698 4254 vix
719 4202 844 4253 credenda
866 4201 1016 4264 latifundia,
1038 4217 1062 4254 et
1078 4201 1119 4255 bis
1132 4223 1174 4254 ses

96 4277 126 4328 ll.
141 4277 223 4332 Scio.
658 4282 844 4352 queutlbusque
852 4284 949 4346 lucrm,
961 4295 1003 4336 aut
1011 4282 1088 4336 fidem
1097 4284 1173 4337 ctiam
