2950 4934
374 369 446 439 EX
468 364 647 436 LIBRIS
669 365 898 438 saltuem.
1107 374 1174 470 397

154 505 315 585 «Sacros,
340 500 476 594 inquit,
496 492 726 585 immortales,
744 495 1026 592 inviolabileaque
1039 498 1120 571 deos
1136 504 1174 574 in

106 619 408 692 materiaviliasima
417 615 691 710 atqueimmobili
702 614 875 685 dedicant.
885 616 1033 686 Habitus
1043 618 1176 691 illisho-

112 743 247 825 minum,
263 737 504 827 semumque,
518 747 553 802 et
565 734 732 827 piscium,
750 732 888 827 quidam
901 755 984 803 vero
1002 737 1122 806 mixtos
1135 763 1177 808 ex

110 851 459 948 dirersla‘corporibus
469 847 617 920 induunt
627 853 653 918 ¹.
665 849 814 919 Numina
826 857 968 935 vocant,
983 875 1060 946 qum
1073 855 1100 921 si
1112 856 1178 949 spi-

110 975 175 1042 ritu
185 977 327 1064 accepto
344 969 458 1038 subito
477 959 721 1052 occurrerent,
739 982 889 1036 monstra
912 966 1133 1039 haberentur.
1153 997 1171 1036 u
1211 1027 1215 1033 .

151 1081 1178 1184 Deindealiqunntopost,quumtheologiamnaturalemprm·

106 1203 237 1288 dicans,
248 1202 472 1298 quorumdam
480 1200 762 1296 philosophorum
771 1201 955 1271 sententias
966 1200 1175 1296 digessissem

108 1321 266 1414 opposuit
278 1319 345 1388 sibi
358 1319 593 1411 quaestionem,
605 1334 640 1386 et
650 1319 698 1386 ait
711 1343 719 1384 ε
734 1319 833 1388 «Hoc
841 1316 917 1388 loco
927 1319 1017 1389 dicet
1029 1318 1176 1414 aliquis:

106 1435 253 1506 Credam
261 1431 802 1530 egocoelumetterramdeosesse,
810 1433 1071 1530 ctsupralunam
1079 1434 1177 1526 alios,

105 1555 188 1624 alios
210 1553 331 1624 infru?
345 1555 417 1647 Ego
434 1553 540 1621 feram
555 1568 613 1620 aut
625 1551 824 1636 Platonem,
844 1568 904 1622 aut
917 1545 1180 1648 Peripateticum

104 1671 323 1754 Stratonem,
342 1690 488 1760 quorum
500 1665 587 1734 alter
600 1665 682 1734 fecit
695 1667 806 1736 Deum
824 1667 898 1736 sine
912 1691 1056 1762 corpore
1064 1718 1076 1755 ,
1094 1667 1183 1738 alter

103 1786 180 1854 aine
196 1785 315 1854 animo
330 1784 346 1851 i
362 1809 379 1848 a
401 1785 446 1851 Et
461 1781 506 1850 ad
521 1781 589 1851 hoe
605 1779 840 1876 respondens,
861 1806 878 1846 t
901 1779 998 1875 Quid
1013 1780 1151 1852 tandem
1167 1779 1182 1850 l

104 1902 222 1994 inquit
241 1927 251 1970 z
267 1900 403 1971 veriora
416 1898 480 1967 tibi
492 1886 713 1969 videnturT.
732 1891 848 1982 Tatii,
872 1913 931 1966 aut
946 1897 1106 1983 Romuli,
1124 1913 1183 1970 aut

100 2014 202 2084 Tulli
230 2012 370 2082 Hostilii
393 2003 554 2081 somnia?
577 2013 775 2082 Cluacinam
802 2015 845 2080 T.
868 2003 989 2081 Tatius
1013 2007 1184 2083 dedicavit
1227 2085 1230 2094 ,

98 2131 226 2218 deam,
248 2133 368 2199 Picum
386 2129 662 2224 Tiberinumque
680 2126 867 2215 Romulus,
889 2129 1053 2199 Hostilius
1073 2133 1185 2202 Pavo·

99 2271 176 2328 rem
186 2264 296 2342 atque
309 2247 502 2331 Pallorem,
517 2247 709 2315 teterrimos
721 2243 897 2314 hominum
911 2243 1052 2315 affectus
1070 2273 1078 2314 :
1094 2272 1186 2341 quo-

99 2385 180 2436 rum
198 2367 293 2436 alter
309 2366 433 2434 mentis
449 2365 577 2436 territae
601 2374 712 2456 motus
733 2377 803 2447 est,
828 2363 916 2433 alter
940 2363 1117 2458 corporis,
1140 2391 1184 2436 ne

98 2481 249 2551 morbus
262 2477 424 2574 quidam,
442 2476 503 2549 sed
516 2476 610 2550 color
624 2484 653 2548 ¹.
669 2483 751 2548 Haec
763 2481 904 2548 numina
921 2482 1034 2573 potius
1049 2475 1182 2567 credes,

95 2612 131 2664 et
150 2596 244 2664 caelo
264 2595 411 2689 recipies
423 2596 469 2663 iu
490 2595 542 2664 De
558 2593 642 2687 ipsis
658 2616 741 2661 vero
765 2591 888 2660 ritibus
905 2590 1092 2662 crudeliter
1114 2610 1186 2665 tur-

94 2711 234 2806 pibus,
256 2735 359 2804 quam
377 2709 486 2778 libere
503 2705 659 2804 scripsit!
682 2707 802 2792 tllle,
822 2709 958 2802 inquit,
978 2707 1096 2779 viriles
1120 2709 1186 2782 sibi

94 2846 222 2923 partes
234 2843 406 2922 amputat,
418 2827 477 2896 ille
486 2825 630 2896 lacertos
641 2838 746 2895 senat.
758 2825 825 2895 Ubi
839 2824 943 2895 iratos
952 2824 1034 2896 deos
1046 2829 1185 2916 timent,

91 2949 156 3042 qui
172 2949 233 3017 sic
247 2946 414 3040 propitios
430 2934 559 3014 habere
574 2933 774 3011 merentur³
788 2942 804 3010 Ρ
817 2937 867 3009 dii
880 2955 993 3012 autem
1010 2943 1106 3030 nullo
1121 2947 1188 3042 ipsi

91 3061 237 3132 debent
251 3059 320 3129 coli
333 3079 460 3154 genere
475 3106 485 3141 ,
505 3057 535 3126 si
549 3071 584 3126 et
599 3056 666 3125 hoc
678 3055 810 3126 volunt.
831 3056 963 3126 Tantus
983 3073 1034 3128 est
1045 3077 1189 3153 pertur-

90 3180 191 3250 batm
211 3176 344 3249 mentis
363 3189 400 3245 et
418 3173 557 3244 sedibus
575 3173 646 3243 suis
662 3172 770 3269 pulsu
787 3173 908 3262 furor,
930 3189 968 3244 ut
984 3176 1032 3246 sic
1048 3177 1097 3247 dii
1114 3180 1189 3274 pla-

127 3438 368 3512 t.Qm‘damvem
375 3435 625 3508 mittetelsipsius,
675 3435 767 3506 quibus
783 3433 875 3490 diversi
895 3454 989 3490 sensus.
1003 3435 1082 3506 Quotl
1101 3437 1130 3492 in
1143 3440 1189 3515 pi-

87 3521 118 3575 in
135 3516 249 3574 Electis
270 3516 375 3570 scribit:
388 3517 456 3586 quid
471 3516 629 3568 verensixto
677 3527 746 3567 murs
759 3527 784 3566 et
798 3515 886 3568 lictnra
901 3514 1046 3571 stultissime
1059 3529 1188 3590 receptum

86 3614 177 3652 sensu
197 3597 321 3650 diosmis
337 3594 486 3663 asportans
506 3595 628 3646 induunt.
676 3590 728 3644 illis
740 3590 844 3644 scimus.

88 3671 404 3743 nudatumque
413 3670 442 3724 in
452 3683 527 3734 nott,
540 3675 629 3723 mixto
710 3694 734 3726 a.
752 3673 873 3746 Quorum
890 3669 959 3728 alter
978 3678 1071 3730 menos
1092 3682 1189 3734 territa

85 3775 177 3809 mu.
192 3749 288 3822 Quod
299 3749 370 3805 hand
381 3746 514 3823 improbo,
532 3748 629 3820 quasia
677 3763 764 3806 motus
772 3763 825 3820 est,
839 3756 908 3806 ulter
917 3758 1032 3822 corporis
1046 3775 1096 3810 :ne
1112 3777 1189 3818 σιω·-Δ

86 3853 169 3886 mara
178 3843 210 3883 at
215 3827 332 3882 hmine
342 3827 474 3900 compositi
479 3826 583 3899 quidam
593 3826 633 3880 ‹li-
681 3831 730 3882 bus
741 3832 861 3900 quidem,
874 3831 924 3884 sed
937 3834 1012 3884 color.
1028 3831 1057 3884 Si
1068 3835 1191 3901 attendis,

83 3911 114 3964 si
132 3928 142 3964 τ
161 3921 196 3964 ut
214 3905 426 3969 Hermathena,
446 3903 629 3960 Hermeraclas.
679 3907 787 3961 omnino
799 3926 828 3959 ex
838 3908 949 3980 subjecta
960 3908 1084 3964 sententia
1095 3952 1103 3978 ,
1116 3923 1192 3966 utrc-

82 3985 630 4056 Ms'aemmsutamanpnl'eram,ntve-
679 3985 757 4057 bique
775 3997 819 4039 ant
846 3996 933 4039 motus
955 3986 1134 4054 scribendum,
1148 4003 1193 4046 sut

81 4070 118 4123 lit
129 4068 204 4122 deo·
216 4063 351 4134 componi
360 4073 386 4115 et
393 4062 495 4117 misceri
505 4080 535 4115 ex
543 4059 631 4114 homi·
678 4063 793 4117 mrbus.
807 4065 890 4134 Atque
902 4063 966 4118 illntl
978 4065 1068 4138 potius⁸

78 4147 170 4202 nibus
178 4138 411 4210 simnlfoisqus,
422 4152 447 4192 et
458 4137 630 4195 animantibus
711 4144 737 4194 ’6.
755 4139 809 4198 Ubi
818 4137 979 4199 imtusDtos
990 4146 1150 4216 &numqui
1157 4150 1193 4204 sie
