2950 4934
273 376 342 445 326
567 374 610 444 L.
635 370 811 440 ANNAEI
835 372 1049 443 SENECAE

272 520 316 554 eos
325 518 448 575 pugnasse
458 536 467 563 ,
477 499 530 553 eive
545 498 642 563 verbis,
660 518 714 552 non
731 520 775 563 re,
787 499 931 552 dissenssisc
944 512 1059 573 putaret,
1077 518 1131 553 eeu
1141 501 1270 567 edrertit,
1286 516 1347 557 mut

273 582 409 637 discrimen
420 580 527 635 omnino
539 580 712 649 intercedere,
725 594 779 633 tum
791 600 807 634 a
818 580 1015 656 nobismetipsis
1031 581 1157 655 hodieque
1169 581 1279 637 libenter
1287 597 1347 638 ste·

273 666 310 719 tui
324 679 349 719 et
358 666 450 740 cuique
461 684 513 719 non
525 664 616 739 cupide
631 664 775 719 observanti
791 664 911 718 facillime
921 668 1201 721 occurrere-lustinum
1215 669 1284 721 enim
1296 668 1348 723 ille

272 748 408 813 naturalis,
420 768 495 819 quern
508 769 598 803 vooare
611 747 736 815 colemus,
750 749 799 803 hoc
809 750 869 805 satis
883 751 963 805 docet.
978 752 1030 804 Sed
1041 752 1111 804 enim
1122 753 1143 805 si
1159 752 1288 805 conciliari
1298 754 1347 805 fe-

274 830 323 885 cile
335 829 442 902 potuisse
453 830 512 883 illos
524 830 687 893 dissidentes,
702 830 780 883 modo
791 852 820 883 ex
831 845 939 903 utroque
953 833 1071 906 dogmate
1085 852 1163 886 unum
1177 833 1345 899 eonflesseut,

273 913 442 968 contendisset
456 914 501 966 Vir
511 915 644 987 egregius,
655 914 801 977 neminem,
812 916 876 987 quin
888 917 1065 983 assentiretur,
1077 919 1130 971 sore
1141 916 1252 971 conlido.

309 998 435 1052 Ceterum
445 998 560 1052 consulat
568 999 680 1051 Reimtri
689 998 782 1053 librum
794 1021 851 1054 mea
861 1000 936 1055 laude
948 1004 1088 1075 majorem:
1102 1003 1235 1056 Urberdic
1244 1002 1349 1054 Kunst·
1462 1017 1463 1028 ¹

273 1085 352 1137 tried:
363 1086 411 1137 der
424 1084 530 1149 Thiere,
547 1084 712 1157 inscriptum
727 1084 772 1137 ulti
787 1098 811 1138 et
822 1085 888 1139 hane
900 1088 1064 1158 quaestionem
1079 1086 1198 1160 egregie,
1212 1099 1241 1139 ut
1258 1087 1349 1140 solitus

275 1181 328 1221 crat
348 1180 435 1221 auctor
451 1167 684 1241 prudentissimus,
698 1168 760 1221 dum
773 1168 885 1235 vireret,
897 1169 1034 1243 expositum
1045 1170 1161 1234 videbis,
1171 1182 1197 1223 et
1211 1169 1280 1226 ctera
1290 1169 1349 1225 lnce

274 1254 431 1308 illustratam.

552 1441 666 1481 ΙΙΠΙῦΑ
683 1442 815 1481 Ultimo
832 1442 890 1480 100
909 1442 1064 1489 euml«,

322 1606 558 1685 heromo,
579 1626 643 1696 ego
661 1601 785 1689 video,
810 1626 916 1695 quum
939 1602 1002 1670 tibi
1023 1600 1226 1672 hodiernum
1250 1624 1352 1694 φικ-

274 1717 492 1797 stiunculam,
512 1717 549 1783 in
566 1718 656 1809 qua¹
676 1718 757 1787 satie
774 1715 836 1785 diu
852 1716 1029 1805 haesimue,
1051 1740 1238 1810 exposuero
1257 1742 1266 1782 ε
1285 1718 1350 1784 ite-

273 1832 638 1916 rumcnimolamebic‚
656 1832 1019 1927 «Hocquidudmoree
1030 1835 1065 1903 l»
1077 1832 1147 1905 Sed
1159 1821 1348 1919 'erolumu3

273 1949 353 2019 dum
363 1950 426 2019 tibi
439 1951 585 2044 primum
595 1948 678 2018 alios
689 1973 857 2043 opponam
871 2000 881 2033 ,
897 1974 974 2019 curn
987 1951 1112 2043 quibue
1125 1951 1262 2045 litiges,
1278 1952 1350 2018 Po-

274 2066 444 2153 sidonium
465 2083 503 2153 vet
526 2064 769 2137 Archidemum
786 2062 798 2102 ⁵
819 2067 881 2157 (hi
900 2066 1071 2163 judicium
1092 2058 1349 2163 accipient‘);

234 2223 249 2259 e
274 2182 399 2253 deinde
415 2182 546 2268 dicam,
566 2186 642 2253 Non
661 2177 856 2277 quidqold⁵
875 2185 1004 2260 morule
1020 2202 1094 2269 eet,
1112 2183 1224 2266 boum
1235 2194 1355 2260 morea

308 2446 329 2477 ι.
341 2427 378 2479 In
389 2446 467 2495 que...
478 2425 611 2477 ducimus.
624 2424 700 2477 Haud
712 2424 783 2489 seio,
833 2426 909 2479 cond.
922 2426 964 2479 ct.
974 2426 1075 2481 Fahrie.
1088 2426 1157 2481 Bihl.
1170 2447 1208 2501 gr.
1220 2426 1280 2481 Vol.
1290 2426 1352 2496 ΙΙΙι

272 2520 356 2563 utrum
368 2520 441 2561 antee
452 2506 483 2558 de
493 2506 541 2559 hec
551 2505 689 2576 quastione
701 2505 786 2557 collo·
833 2523 859 2573 p·
869 2502 926 2567 5⁴0.
939 2504 1029 2557 Ruth.

273 2584 323 2637 cuti
347 2584 417 2647 sint,
434 2604 466 2636 an
485 2584 582 2637 Seneca
602 2583 630 2635 in
644 2582 786 2635 Moralihue
868 2580 1351 2651 4.Hijudiciumuec1pient.'l'anquam
1462 2635 1463 2646 q

271 2661 322 2719 suis
335 2660 523 2714 conseribendis
543 2660 571 2713 in
590 2679 645 2712 cern
663 2658 788 2713 incideret
835 2653 979 2729 judicesad
993 2658 1143 2711 sententiam
1159 2656 1352 2710 serendamld.
1462 2653 1463 2680 ¹

272 2753 297 2793 et
306 2739 462 2813 inquireret,
474 2750 549 2808 atque
559 2736 623 2789 edeo
634 2734 788 2789 adversario·
835 2735 979 2788 -Prorsus
992 2756 1046 2789 non
1060 2738 1103 2791 hic
1116 2749 1153 2790 est
1165 2737 1273 2790 auctoris
1285 2756 1353 2789 sen-

271 2838 327 2873 rum
339 2817 475 2871 sententies
486 2826 610 2868 excuteret
624 2830 631 2867 ε
647 2834 725 2884 quere
740 2834 787 2866 so·
835 2832 877 2866 sus
889 2830 895 2865 ε
907 2813 967 2865 dicit
986 2834 1028 2867 cos
1043 2815 1168 2884 judicium
1181 2828 1350 2888 accepturos,

271 2896 317 2950 lito
327 2894 420 2949 ‹liutiue
429 2893 489 2947 huie
498 2890 631 2963 questioni
640 2891 786 2944 immoratus
835 2888 863 2941 id
879 2898 936 2958 cst,
956 2891 1108 2950 sententiam
1123 2904 1352 2963 tanquamxsontes

273 2995 324 3028 esse
336 2974 443 3027 ridetur.
454 2970 544 3025 Bell.
836 2969 976 3037 subituros,
993 2972 1051 3042 qnia
1063 2970 1107 3023 illa
1117 2970 1300 3041 questiuncula
1317 2970 1351 3023 ah

306 3076 328 3105 n.
352 3052 407 3105 Sed
418 3052 558 3114 exclamu3
570 3051 643 3101 dum.
658 3048 701 3101 ste
712 3046 789 3100 Gru·-
836 3047 889 3109 illis¹
897 3048 979 3121 posite
990 3060 1014 3101 et
1024 3060 1126 3113 tractata
1135 3050 1197 3104 suit:
1207 3050 1229 3103 si
1241 3048 1352 3121 querele

273 3144 339 3185 terne
353 3128 506 3182 emendavit.
519 3128 616 3179 Erum.
628 3128 677 3180 sed
685 3129 725 3179 od
736 3145 790 3180 esc-
836 3126 906 3181 loeus
924 3141 973 3190 est,
990 3128 1019 3179 in
1033 3127 1091 3181 illos
1107 3126 1209 3196 veniet,
1226 3128 1293 3181 hene
1309 3128 1352 3181 illi

272 3210 451 3261 clamandum
472 3206 533 3258 Tibi
547 3208 665 3272 primum
685 3224 726 3272 op.
747 3204 789 3257 cui
836 3206 1008 3277 accipiantzet
1015 3225 1094 3277 quum
1102 3206 1168 3259 iram
1176 3220 1249 3261 tunm
1257 3206 1351 3265 iniller

273 3286 347 3340 cedd
358 3285 471 3359 plerique
481 3283 676 3355 adstipulentur.
686 3282 724 3334 Ex
734 3301 788 3335 uno
837 3284 971 3349 effuderis,
982 3297 1042 3337 tunc
1053 3304 1100 3357 ego
1110 3283 1213 3348 diurn,
1229 3297 1275 3339 etc.
1285 3284 1351 3338 ldeo

272 3366 329 3421 eod.
340 3364 459 3417 Pineirni
466 3363 580 3415 Mutetur
590 3359 674 3413 dedit:
682 3358 738 3413 Sed
743 3378 789 3411 cm
837 3382 884 3415 nec
895 3361 1008 3432 lipsium
1017 3362 1153 3436 probarem
1163 3364 1208 3434 qui
1219 3363 1352 3436 interprer

271 3442 568 3508 elumantr'tibr'prr'mum
574 3440 789 3506 uliesoppouam·
836 3453 903 3494 tatur
917 3459 987 3495 :non
1001 3441 1158 3513 diffugient:
1174 3441 1246 3495 litem
1265 3454 1352 3497 teeem

274 3522 362 3589 Quum
373 3520 425 3574 duo
436 3517 510 3579 codd.
521 3516 644 3571 habereut
655 3532 661 3567 :
673 3514 729 3567 Sed
736 3534 789 3567 cx·
837 3517 1051 3573 contestabuetur.

270 3599 443 3653 clamandum
455 3595 515 3663 nti,
529 3606 575 3649 etc.
588 3592 710 3647 Gruterus
725 3590 787 3644 inde
870 3600 894 3651 5.
911 3597 972 3649 Non
985 3598 1136 3667 quidquid„
1143 3597 1223 3669 sucr't.
1233 3597 1352 3669 Egcruut

272 3676 333 3729 lecit
344 3693 351 3727 ε
364 3674 420 3728 Sed
436 3674 651 3728 exclamandum.
663 3672 723 3735 tibi.
740 3683 786 3724 etc.
837 3676 906 3729 enirn
922 3674 1002 3729 Stoici
1021 3674 1050 3727 in
1068 3674 1160 3727 morali
1179 3674 1353 3745 Philosophia

271 3755 365 3807 Melius
377 3754 490 3809 instituta
502 3766 561 3807 csta
570 3747 655 3825 Lipsio
666 3752 698 3805 al.
710 3749 787 3804 inter·
836 3765 905 3827 parte
918 3752 949 3804 de
958 3752 1110 3824 appetitione
1124 3748 1206 3825 (ippqi)
1217 3793 1225 3819 ‚
1236 3751 1352 3805 debonis
1462 3757 1463 3814 l

273 3835 375 3908 punctio
387 3846 443 3908 post
452 3852 459 3887 z
469 3835 602 3887 exclama.
615 3830 705 3883 nult.
836 3828 960 3899 emulis,
973 3830 1004 3883 de
1017 3830 1148 3884 ellectiltus
1158 3852 1177 3884 r.
1188 3829 1353 3905 perturbatio·
1462 3861 1463 3898 p

306 3914 330 3969 3.
344 3912 538 3967 Archidemum.
555 3910 608 3965 Atii
625 3922 717 3963 vocent
727 3930 786 3964 eum
836 3907 912 3963 nibus
921 3911 1043 3977 (πάθεσι),
1056 3908 1087 3962 de
1095 3909 1200 3969 virtute,
1212 3910 1243 3962 de
1251 3910 1354 3984 prinei·-
1462 3913 1463 3920 ’

266 3991 469 4045 .Archedamum.
496 3992 565 4044 luter
591 4008 699 4059 magnos
720 3989 788 4042 Storc
836 3987 879 4061 pio
891 3986 981 4043 morali
993 3989 1092 4055 (τέλει),
1105 3989 1138 4041 de
1149 3987 1232 4061 prima
1241 3988 1353 4041 nstirne·

273 4082 386 4123 auctores
395 4070 510 4135 retertur,
523 4087 621 4124 eoaerus
632 4064 786 4131 Carneadis;
836 4066 906 4119 tione
917 4067 982 4136 (erpi
992 4076 1033 4128 τῆς
1043 4068 1137 4136 πρότης
1143 4067 1232 4135 ἀξίας),
1242 4067 1276 4119 de
1286 4066 1352 4119 adi·

274 4148 383 4220 vixitque
401 4148 460 4201 ideo
471 4146 537 4201 cirea
549 4166 644 4201 annum
655 4146 705 4199 lieo
717 4145 787 4198 urhis
836 4143 900 4213 hus,
918 4144 950 4198 de
968 4143 1075 4213 officiis,
1088 4145 1119 4198 de
1133 4144 1351 4199 edhertationihus
