2950 4934
362 366 433 435 nx
456 362 631 435 oronte
654 301 883 435 sanabo.
1098 367 1166 461 ss,

108 504 145 575 sd
165 502 327 573 Lucilium
343 495 561 593 composuit,
583 492 793 565 deridiculos
810 519 928 567 versus
937 496 995 590 Q
1018 498 1167 567 Ennium
1243 500 1248 507 '

110 622 146 691 de
161 620 308 713 Cethego
327 616 469 707 antiquo
487 614 562 683 viro
582 612 702 684 fecisse
718 612 783 681 hos
800 611 883 683 dicit
906 640 916 680 ι

260 796 368 816 .......
383 760 474 813 Dictus
483 757 540 813 ollis
551 756 715 834 popularibus
726 756 806 825 olim,

254 847 309 917 Qui
320 860 374 901 turn
386 846 506 899 virebant
518 844 649 907 bomines,
663 856 742 915 utque
749 862 833 897 nrum
842 843 988 919 agimbsnt,

256 934 319 987 Flos
334 930 458 985 delibatus
471 928 556 1005 populi
569 941 594 981 et
605 928 682 981 suada
696 928 816 997 medulla.

107 1054 152 1125 Ac
163 1054 283 1125 deinde
296 1052 472 1125 scribitde
487 1052 608 1122 iisdem
622 1053 777 1122 uersibus
790 1054 896 1124 rerba
907 1056 980 1125 boec
996 1081 1005 1124 ε
1025 1056 1172 1127 «Admi-

107 1195 159 1239 τοι·
171 1170 461 1265 eloquentissimos
475 1170 586 1250 viros,
604 1184 639 1235 et
652 1165 787 1237 deditos
803 1171 936 1257 Ennio,
956 1194 1020 1264 pro
1033 1175 1171 1267 optimis

106 1287 240 1356 ridicula
257 1286 425 1356 laudasse.
449 1287 571 1355 Cicero
585 1300 678 1353 certe
691 1287 783 1354 inter
798 1285 904 1356 bonos
918 1289 993 1381 ejus
1007 1313 1126 1361 vorsus
1137 1308 1173 1360 et

105 1400 163 1471 bos
174 1404 287 1472 relert.
305 1430 321 1468 u
340 1403 453 1495 Atque
466 1402 503 1471 id
519 1402 620 1471 etiam
635 1399 678 1469 de
692 1403 860 1471 Cicerone
875 1402 971 1472 dicit.
992 1408 1098 1474 «Non
1109 1409 1174 1476 mi·

105 1543 172 1603 ror,
192 1506 327 1615 inquit,
347 1520 451 1590 luisse
466 1519 526 1611 qui
540 1516 604 1586 bos
616 1542 735 1587 versus
749 1520 933 1603 scriberet,
950 1544 1055 1613 quum
1070 1524 1175 1591 luerit

105 1639 158 1729 qui
172 1638 326 1707 laudaret
339 1638 427 1705 :nisi
438 1638 523 1705 forte
538 1637 658 1706 Cicero
673 1660 824 1705 summus
836 1654 952 1708 orator
960 1640 1083 1734 agebat
1097 1665 1175 1711 eau-

105 1778 168 1823 sam
187 1779 303 1837 suam,
326 1770 360 1823 et
375 1751 511 1829 volebat
530 1750 593 1819 bos
616 1776 734 1821 versus
752 1752 864 1823 rideri
886 1754 1007 1824 bonos.
1028 1783 1045 1821 o
1066 1758 1173 1827 Paulo

104 1887 194 1963 post:
212 1869 336 1966 «Apud
347 1872 456 1963 ipsum
468 1891 603 1961 quoque
612 1894 628 1932 »
642 1918 652 1950 ,
664 1870 777 1963 inquit
785 1871 926 1957 Seneca,
943 1872 1174 1942 «Ciceronem

103 1986 252 2054 invenies
266 1986 369 2069 etiam
388 1986 425 2051 in
444 2004 543 2076 prosa
562 1985 715 2052 oratione
730 1984 908 2077 quaedam,
926 2010 967 2055 ex
980 1987 1106 2080 quibus
1119 1991 1177 2055 in-

102 2102 337 2197 telligosillum
348 2124 418 2169 non
429 2098 621 2193 perdidisse
630 2100 886 2193 operam,quod
894 2104 1042 2173 Ennium
1051 2102 1172 2196 legit.»

102 2216 197 2284 Ponit
223 2215 350 2285 deiude
369 2238 445 2308 quae
468 2210 560 2306 spud
581 2214 782 2310 Ciceronem
805 2207 1057 2307 reprehendat,
1080 2219 1178 2309 quasi

74 2365 77 2371 ·
102 2332 279 2415 Enniana,
301 2331 393 2425 quod
413 2333 459 2398 ita
483 2330 658 2423 scripserit
678 2331 716 2399 in
736 2328 835 2398 libris
854 2330 897 2399 de
917 2332 1117 2425 republica,
1137 2351 1176 2402 ut

105 2448 290 2518 sMenelao
308 2448 435 2521 Laconi
451 2446 516 2514 fuit
532 2444 772 2538 suaviloquens
782 2445 980 2540 jucunditas
993 2472 1024 2534 ⁰3
1038 2464 1073 2516 et
1085 2447 1178 2541 quod

100 2562 165 2635 olio
180 2568 218 2634 in
232 2566 309 2635 loco
318 2564 440 2633 dixerit
454 2613 465 2648 ,
486 2562 824 2654 «breviloquentiam
839 2564 877 2630 in
891 2561 1038 2632 dicendo
1047 2565 1172 2634 colat.»

99 2680 258 2768 Deinde,
290 2684 399 2749 «Non
413 2681 479 2748 fuit
499 2703 540 2763 r,
564 2680 680 2771 inquit
699 2666 850 2762 Seneca,
881 2680 1087 2748 «Ciceronis
1113 2681 1181 2750 boc

99 2797 237 2881 vitium,
251 2794 313 2865 sed
323 2797 502 2889 temporis3
515 2794 654 2863 ue'cesse
665 2792 821 2864 erstbaec
834 2794 905 2876 dici
913 2845 925 2881 ,
941 2820 1047 2887 quum
1059 2794 1118 2863 illa
1134 2796 1181 2864 le·

101 2930 280 3007 gerentur.
291 2940 308 2978 u
318 2911 453 2981 Deinde
462 2908 638 2995 adscribit,
651 2901 853 2980 Ciceronem
860 2910 935 2981 baec
947 2914 1022 3007 ipsa
1031 2914 1184 3009 interpo-

99 3031 205 3099 suisse
226 3028 275 3098 sd
299 3026 529 3120 effugiendam
548 3024 723 3094 infamiam
740 3027 844 3095 nimis
862 3026 995 3098 loscirae
1015 3032 1182 3099 orationis

99 3156 133 3212 et
149 3142 288 3213 nitidae.
307 3142 358 3211 De
375 3138 523 3234 Virgilio
542 3165 679 3233 quoque
703 3139 824 3210 eodem
841 3142 878 3209 in
894 3140 968 3211 loco
986 3142 1092 3213 verba
1105 3145 1179 3215 baec

98 3259 196 3351 ponit
215 3286 224 3326 :
246 3280 265 3323 tt
285 3256 453 3351 Virgilius
470 3280 608 3350 quoque
624 3272 827 3325 nosternon
845 3280 887 3324 ex
907 3255 974 3325 slis
992 3281 1093 3327 causo
1115 3260 1182 3329 du-

98 3400 152 3443 ros
169 3372 342 3469 quosdam
359 3396 498 3453 versus,
519 3389 554 3441 et
569 3396 748 3456 enormes,
766 3386 801 3442 et
818 3373 948 3467 aliquid
966 3399 1070 3470 supra
1088 3400 1183 3445 men-

99 3517 213 3562 suram
232 3490 410 3561 trahentes
427 3490 650 3585 interposuit,
667 3516 772 3584 quam
787 3508 825 3560 ut
840 3493 1017 3569 Ennianus
1036 3494 1183 3589 populus

98 3624 309 3703 agnosceret
320 3608 359 3705 in
373 3630 462 3676 novo
480 3606 632 3675 carmine
648 3607 860 3700 antiquitatis
878 3608 1022 3701 aliquid.
1043 3636 1060 3674 u

135 3752 238 3817 Addit
246 3772 311 3815 noo
323 3750 419 3814 multo
431 3762 501 3835 post
515 3772 550 3813 ex
564 3748 680 3815 Seneca
694 3776 703 3813 ι

150 3916 168 3953 u
197 3886 357 3982 Quidam
376 3901 456 3955 sunt
478 3900 546 3953 tom
566 3887 681 3980 magni
701 3910 820 3956 sensus
840 3887 888 3981 Q.
904 3889 1027 3973 Ennii,
1049 3904 1089 3956 ut
1106 3887 1185 3957 licet

97 4007 221 4101 scripti
239 4006 311 4074 sint
322 4006 413 4072 inter
426 4003 579 4073 hircosos
592 4053 602 4088 ,
618 4004 751 4097 possint
764 4022 876 4075 tomen
888 4005 979 4073 iuter
989 4018 1188 4098 unguentum·

97 4137 149 4191 tos
160 4121 329 4219 placere.
349 4146 365 4185 s
386 4120 429 4187 Et
443 4143 547 4211 quum
561 4116 839 4211 reprehendisset
854 4142 973 4189 versus
985 4142 1069 4211 quos
1085 4112 1189 4214 supro
