2950 4934
292 310 294 318 '
324 394 385 438 rra
608 371 647 436 L.
674 363 856 434 ANNAEI
879 361 1098 438 SENECAE

317 497 473 568 omnibus
489 497 635 567 laevitaa¹
658 498 719 578 sit,
743 495 862 564 eadem
883 498 1001 590 primae
1017 521 1176 577 meneura
1196 499 1388 593 lanuginis,

317 612 435 682 eadem
450 615 580 707 apeciea
594 613 795 708 capillorum
807 641 817 700 ;
829 637 873 681 ne
889 616 984 706 quis,
998 617 1055 683 cui
1069 617 1193 685 rectior
1208 631 1259 684 cst
1277 640 1391 698 coma,

315 732 474 825 crispulis
498 731 692 800 misceatur.
718 731 872 798 Tranaco
897 732 1061 825 pistorum
1081 733 1231 816 turbam,
1253 749 1394 802 transeo

316 848 597 928 minidratorum,
616 869 679 939 per
693 869 779 937 quoa
792 847 891 939 signo
910 844 1011 915 dato²
1025 847 1070 915 ad
1084 849 1297 918 inferendam
1318 873 1392 916 ooe·

314 988 392 1034 nam
402 964 617 1034 discurritur.
628 963 686 1032 Dii
696 959 798 1044 boni,
814 977 976 1054 quantum
987 965 1163 1034 bominum
1173 979 1393 1052 unusvcnter

259 1092 290 1144 25
314 1077 465 1150 exercet!
488 1080 611 1173 Quid?
630 1095 667 1148 tu
685 1080 762 1147 illoa
775 1071 939 1163 boletoa³,
957 1079 1185 1174 voluptarium
1198 1105 1388 1161 vencnum,

259 1175 262 1182 ¹
315 1196 401 1264 nibil
416 1196 540 1264 occulti
558 1197 672 1288 operio
683 1193 819 1288 judicas
839 1195 979 1278 lacere„
993 1198 1095 1264 ctiam
1114 1199 1143 1266 ai
1164 1199 1392 1290 praesentanei

314 1339 383 1383 non
409 1308 588 1382 luerunt⁴?
604 1313 700 1405 Quid
717 1328 755 1382 tu
774 1313 867 1380 illam
885 1315 1035 1382 aestivam
1059 1315 1173 1382 nivem
1198 1337 1269 1382 non
1289 1329 1392 1408 putaa

315 1429 436 1498 callum
447 1429 660 1522 jecinoribus
681 1426 879 1497 obducere?
891 1429 1013 1522 Quid?
1026 1430 1085 1499 illa
1099 1447 1228 1511 oatrea,
1250 1431 1393 1497 inertia-

315 1548 433 1614 aimam
459 1568 595 1614 carnem
622 1567 716 1612 coeno
741 1545 944 1637 saginatam,
970 1545 1060 1613 nihil
1077 1546 1246 1613 existimas
1261 1543 1392 1612 limoaae

316 1661 490 1754 gravitatis
506 1660 663 1728 inferre?
680 1660 801 1752 Quid?
817 1661 904 1729 illud
926 1663 1102 1732 Sociorum
1129 1653 1283 1755 garum⁵,
1301 1685 1392 1753 prc-

315 1777 435 1844 tiocam
452 1775 618 1844 malorum
633 1777 778 1868 piscium
796 1776 945 1860 saniem,
964 1799 1033 1844 non
1053 1774 1165 1844 credis
1185 1781 1286 1842 urere
1299 1775 1391 1844 calca

259 1891 291 1945 ²⁶
318 1887 420 1961 tabe⁶
439 1892 654 1986 praecordia?
672 1891 769 1984 Quid
788 1891 847 1960 illa
863 1891 1067 1984 purulenta,
1098 1907 1132 1960 et
1152 1916 1228 1984 quae
1255 1907 1389 1962 tantum

316 2035 387 2078 non
406 2034 446 2078 ex
467 2011 540 2103 ipeo
560 2010 641 2101 igue
661 2009 757 2077 inoa
773 2009 1037 2091 transferuntur,
1054 2009 1188 2100 judione
1206 2011 1280 2078 aine
1297 2035 1389 2079 noxa

316 2127 354 2192 in
371 2125 453 2216 ipsia
469 2123 656 2194 visceribus
676 2125 851 2217 extingui?
866 2125 977 2217 Quam
995 2125 1076 2192 loedi
1093 2127 1209 2216 itaque
1225 2125 1390 2218 pestilen-

318 2243 456 2330 teaquel
474 2256 588 2309 ructus
599 2236 693 2308 cunt!
708 2256 873 2330 qnantum
883 2240 1054 2308 faetidium
1065 2242 1138 2322 aui,
1152 2240 1391 2310 exhalantibus

315 2356 487 2448 crapulam
500 2352 667 2424 veterem!
684 2357 777 2425 Sciaa
790 2374 986 2450 putreacere
1003 2374 1152 2452 eumpta,
1173 2383 1243 2442 non
1260 2383 1391 2430 conco-

314 2573 484 2629 Brerit.Vitce
497 2596 519 2628 c.
530 2591 579 2626 xit,
595 2574 729 2630 L.-Alii
741 2577 825 2629 exole-
874 2579 961 2650 Epigr.
978 2549 1030 2630 llrrt
1045 2597 1052 2632 ε
1066 2577 1272 2650 «Antipolitani,
1290 2577 1391 2642 fateor,

314 2665 398 2706 torum
420 2665 491 2705 erant
510 2653 591 2724 glabri
611 2652 754 2724 laresque,
779 2654 824 2707 alii
872 2673 928 2705 eum
939 2651 1387 2726 lilia'lbynnitllssemsiscombri,

314 2731 391 2784 barba
405 2731 500 2782 decori.
514 2730 603 2783 Ilublc.
873 2751 926 2782 non
939 2728 984 2781 tibi
995 2731 1069 2782 missa
1078 2732 1167 2785 forem.
1175 2729 1234 2782 sid.
1246 2729 1290 2781 lib.
1301 2731 1386 2793 xllt,

351 2809 496 2862 claritas.
507 2809 675 2861 Scribendum
683 2809 719 2861 sic
728 2809 824 2882 putavi,
873 2808 949 2880 Epig.
960 2821 998 2859 cu
1006 2826 1012 2857 ε
1021 2829 1035 2854 e
1045 2807 1190 2875 Expirantis
1201 2807 1284 2861 adbuc
1295 2827 1390 2860 scom-

313 2907 393 2958 quum
406 2888 498 2939 leuitas
513 2885 601 2937 darent
614 2905 709 2948 omnes·
724 2885 806 2939 Satn.
871 2883 910 2936 bri
927 2885 959 2936 de
974 2884 1100 2956 sanguine
1120 2885 1203 2954 primo
1222 2889 1316 2958 Accipe
1334 2889 1389 2939 lae-

347 2983 371 3014 a.
390 2961 469 3031 Stkno
487 2965 557 3014 dato.
572 2963 670 3016 lbidem
684 2963 715 3016 de
729 2963 823 3015 Brevi·
871 2980 972 3027 cosum,
987 2981 1092 3014 munera
1108 2982 1178 3023 tara,
1198 2981 1315 3036 garum.»
1332 2961 1389 3014 So·
1414 2967 1421 2976 “

313 3053 376 3095 tate:
385 3064 398 3088 u
408 3042 509 3108 Quanta
518 3041 653 3106 celeritate,
665 3041 740 3110 signo
751 3041 821 3104 dato,
869 3042 969 3091 ciorum
991 3051 1074 3091 autem
1093 3059 1191 3108 garum
1213 3039 1390 3112 appellabatur

312 3117 394 3190 glabri
410 3118 442 3170 ad
457 3119 596 3171 ministeria
606 3118 755 3170 discurrant.
764 3139 777 3162 ν
790 3115 821 3167 L.
869 3115 902 3167 ab
914 3115 1088 3168 inventoribus
1098 3116 1194 3180 Sociis,
1206 3117 1251 3187 qui
1263 3115 1386 3169 videntur

346 3196 369 3248 3.
377 3194 493 3259 Boletos,
507 3209 552 3249 etc.
565 3197 668 3248 Etiamsi
675 3198 762 3259 boleti,
773 3215 822 3248 ces·
872 3193 946 3245 luisse
968 3194 1095 3266 publicani
1110 3193 1290 3265 negotiationis
1312 3195 1388 3247 illius

312 3276 366 3325 lion
383 3285 480 3336 ostrea,
494 3271 627 3326 Sociorum
636 3294 749 3342 garum,
766 3293 820 3326 non
871 3270 1044 3323 conductores.
1055 3270 1121 3323 Vide
1134 3272 1223 3325 Horat.
1234 3272 1287 3324 Sat„
1296 3273 1326 3337 8,
1340 3273 1389 3325 lib.

312 3351 396 3404 statim
404 3365 519 3417 noceant,
527 3371 584 3424 mon
594 3365 676 3403 tamen
684 3351 821 3404 l'acientJi.
872 3349 896 3401 ll
905 3351 1070 3416 ,r.4li;l'lin.
1081 3351 1138 3401 Nat.
1151 3350 1217 3402 llist.
1227 3351 1270 3403 lib.
1277 3351 1370 3404 xm
1376 3392 1387 3419 ,

345 3429 370 3492 d.
382 3429 505 3480 I'iaerunt.
517 3429 618 3480 Dedere
627 3450 654 3480 o.
665 3427 700 3479 Il.
713 3427 824 3481 Fuerint
871 3447 925 3499 cap.
935 3444 977 3482 vtt
985 3440 1009 3482 et
1016 3445 1081 3493 vrtt,
1090 3429 1167 3481 etlib.
1178 3431 1230 3498 lx,
1241 3450 1294 3504 cap.
1304 3447 1383 3497 xum

311 3525 331 3558 c.
344 3507 378 3558 A.
393 3506 511 3558 Fuerant
523 3507 609 3578 vulgo.
622 3505 701 3560 Solam.
871 3507 970 3559 Auson.
981 3507 1086 3580 Epistol.
1097 3521 1159 3568 1113
1171 3509 1273 3561 Peteon.
1284 3507 1386 3562 Satiric.

245 3598 251 3611 ¹
344 3589 368 3638 5.
377 3585 510 3640 Sociorum
517 3606 621 3656 garum.
630 3586 761 3650 Horatius,
770 3584 823 3637 Pli-
870 3601 1033 3654 cap.xxxv1,·
1051 3586 1185 3659 Apicium,
1207 3589 1237 3641 de
1257 3592 1316 3642 Arte
1333 3612 1387 3642 co-

311 3662 386 3724 nius,
406 3662 551 3724 Ausonius,
572 3662 711 3725 Martialis,
732 3662 821 3714 Petro·
870 3663 942 3732 quin.
959 3663 1006 3715 lib.
1019 3664 1068 3715 Vll
1080 3684 1134 3736 cap.
1151 3681 1208 3730 vat,
1221 3677 1275 3717 not
1288 3669 1303 3717 5
1314 3687 1321 3729 ;
1334 3666 1386 3720 lib.

311 3742 383 3806 nius,
394 3741 513 3813 Apicius,
527 3741 630 3807 Strabo,
647 3754 670 3794 ct
683 3741 820 3794 Athenaeus
839 3736 842 3741 ¹
868 3741 934 3804 vll,
947 3762 1000 3814 cap.
1013 3758 1083 3809 x111,
1099 3756 1150 3795 not.
1165 3746 1188 3809 4.

310 3819 400 3871 famosi
416 3819 483 3871 illius
495 3818 649 3871 condimenti
662 3817 818 3872 mentionem
900 3821 924 3873 li.
941 3819 1025 3875 Salso
1041 3823 1108 3875 lohe.
1123 3823 1189 3892 Quia
1207 3823 1316 3895 piscium
1331 3846 1386 3898 pu-

310 3897 419 3962 faciunt,
428 3896 497 3967 quod
506 3917 520 3947 e
529 3897 687 3949 diversorum
698 3897 819 3968 piscium,
870 3898 1031 3951 trescentium
1048 3918 1068 3952 s.
1085 3904 1216 3952 mulorum
1228 3905 1304 3953 sans'e
1314 3922 1387 3953 con-

309 3975 338 4025 in
356 3973 442 4043 primis
453 3974 576 4038 scombri,
595 3975 663 4027 sanie
678 3973 818 4040 constabat,
860 3975 948 4027 ‘stabat
960 3996 1064 4048 garum,
1078 3990 1139 4031 teste
1151 3977 1235 4031 Plinio
1248 3977 1266 4029 l.
1277 3978 1294 4030 l.
1306 3978 1343 4031 R.

309 4051 418 4123 solisque
436 4050 542 4103 divitum
559 4053 652 4102 mensis
670 4051 821 4105 asservaba-
903 4073 926 4120 7.
938 4053 1018 4106 tuda·
1029 4057 1118 4122 itaque
1128 4061 1341 4126 pestilentesque,
1355 4081 1383 4111 a.

310 4143 368 4184 tur:
384 4141 411 4182 ut
428 4149 440 4180 e
458 4127 567 4180 Martiali
582 4129 676 4200 liquet,
697 4129 713 4180 l.
733 4129 797 4181 Xlll
814 4166 822 4195 ,
868 4150 888 4182 c.
900 4129 935 4183 Il.
947 4133 982 4183 A.
994 4131 1080 4204 Vulgo
1082 4134 1156 4203 soeds'
1165 4144 1243 4202 utque
1250 4146 1316 4205 pest.
1329 4137 1360 4188 S.
