2950 4934
284 459 330 545 er
590 455 633 522 a.
657 451 1074 526 tuuursuuucu:

281 589 454 659 nonenim
467 585 617 681 reposita
629 583 690 655 illa
704 607 777 654 eece
791 601 938 679 oportet,
955 584 1016 654 red
1027 588 1248 682 inpromptu.
1259 591 1368 687 Qum-⁴

281 729 427 801 cumque
446 703 608 774 salutaria
630 717 728 788 sunt,
755 725 843 796 saepe
865 702 999 798 agitari
1012 700 1156 789 debent,
1177 730 1365 802 oaepcver·

247 833 249 844 '
276 824 367 912 'eari3
386 838 426 892 ut
448 845 519 890 non
540 834 672 888 tantum
690 833 771 886 nota
791 820 861 887 aiut
880 819 999 903 nobis,
1020 819 1081 890 oed
1103 822 1205 890 etiam
1224 842 1358 920 parata.

223 974 254 1024 ²7
280 941 402 1036 Adjice
419 963 512 1008 nunc
522 989 534 1026 ,
553 937 646 1032 quod
660 953 779 1030 aperta
794 959 931 1028 quoque
945 935 1117 1030 apertiora
1135 938 1212 1010 ficri
1230 943 1358 1016 uolent.

283 1098 323 1113 -
344 1087 361 1124 ι(
376 1060 411 1129 Si
425 1057 530 1126 dubia
551 1069 647 1142 aunt,
668 1054 817 1146 inquit¹‚
842 1077 919 1147 quae
936 1057 1113 1148 praecipio,
1135 1058 1360 1151 probationes

279 1173 429 1269 adjicere
446 1167 588 1242 debebis
606 1196 615 1238 z
631 1193 713 1265 ergo
728 1169 813 1252 illoe,
832 1192 902 1238 non
915 1185 1104 1265 praecepta,
1120 1173 1315 1265 proficient.
1336 1199 1355 1241 o

282 1327 322 1342 -
335 1287 451 1383 Quid²
465 1285 577 1382 quod,
592 1287 692 1355 etiam
708 1287 782 1354 sine
796 1282 1056 1381 probationibus
1069 1337 1079 1369 ,
1093 1289 1167 1382 ipoa
1185 1290 1360 1360 mouentis

271 1403 459 1474 auctoritas
472 1399 636 1496 prodest?
651 1401 700 1469 uic
714 1399 886 1493 quomodo
902 1400 1223 1492 jurisconsultorum
1241 1402 1359 1484 valent

276 1541 461 1614 respousa,
484 1518 632 1586 etiamsi
660 1519 748 1584 ratio
773 1539 844 1585 non
869 1515 1037 1593 redditur.
1066 1520 1235 1589 Praeterea
1257 1523 1355 1616 ipsa,

272 1659 353 1729 quae
371 1635 631 1730 precipiantur,
655 1657 719 1727 per
732 1655 770 1702 ae
787 1632 930 1701 multum
945 1633 1072 1702 babent
1086 1633 1268 1727 ponderis,
1285 1639 1359 1705 uti·

272 1777 345 1846 que
368 1753 397 1821 oi
419 1767 478 1820 aut
505 1751 649 1821 carmini
670 1751 916 1832 intentarunt,
937 1766 994 1820 aut
1016 1775 1118 1845 prosa
1137 1752 1290 1822 oratione
1314 1756 1355 1823 in

217 1895 250 1948 ,a
268 1869 477 1939 'sententium
496 1881 683 1952 coarctata3
702 1866 790 1936 sicut
804 1867 865 1935 illa
879 1865 1099 1953 Catonianu³‚
1119 1895 1136 1934 «
1149 1873 1265 1954 Emas,
1283 1896 1358 1941 non

269 1988 462 2083 quodopue
476 2002 526 2056 eet
534 2037 546 2074 ,
563 1983 623 2054 eed
636 1983 730 2077 quod
744 2007 884 2053 necesse
900 1999 964 2053 eat.
976 1985 1080 2079 Quod
1094 2010 1164 2056 uon
1177 1967 1262 2082 opus
1276 2005 1352 2075 eat,

273 2133 347 2180 asse
362 2133 479 2179 carum
501 2124 565 2178 est.
582 2133 599 2174 u
621 2107 747 2201 Qualia
763 2123 843 2176 sunt
855 2105 934 2191 illa,
956 2123 1016 2176 aut
1035 2107 1168 2179 reddita
1189 2111 1353 2193 oraculo,

253 2240 331 2295 ·aut
345 2227 468 2295 similia
486 2252 495 2294 :
515 2252 532 2291 u
544 2225 707 2319 Temperi
722 2220 846 2318 parce!
865 2223 918 2294 Te
932 2220 1054 2293 nosce!
1070 2251 1087 2289 r
1103 2224 1280 2319 Numquid
1297 2251 1359 2296 ra-

272 2341 401 2412 tionem
417 2343 555 2437 exiges,
576 2364 681 2434 quum
694 2341 758 2410 tibi
770 2339 896 2435 aliquio
908 2339 971 2410 boe
983 2339 1109 2411 dixerit
1120 2343 1267 2411 versuo?

535 2483 691 2556 Iniuriarum
703 2483 845 2538 remedium
857 2497 894 2538 eet
904 2484 1012 2539 oblivio.

536 2569 668 2624 budeclea
678 2571 780 2623 fortuna
790 2568 867 2641 juvat.

537 2659 678 2734 Pigero'pao
688 2659 738 2713 ribi
751 2658 831 2713 obrui
838 2659 858 2710 ⁴.

215 2809 247 2863 ²9
272 2772 481 2855 Advocatum
494 2784 560 2852 ieta
573 2805 642 2852 non
661 2799 839 2876 quaerunt3
854 2783 999 2853 affectus
1016 2784 1107 2879 ipsun
1132 2800 1292 2879 tangunt,
1315 2802 1357 2855 et

272 2914 394 2969 natura
412 2901 481 2968 rim
500 2923 596 2970 auam
613 2916 794 2970 exercente
811 2901 1010 2996 proficiunt.
1040 2903 1202 2971 Omnium
1227 2901 1361 2970 bones-

272 3030 383 3086 tarum
407 3039 521 3086 rerum
550 3018 679 3086 semina
701 3017 806 3085 animi
832 3033 983 3111 gerunt,
1012 3040 1088 3111 quae
1117 3017 1357 3088 admonitione

275 3137 484 3222 excitantur3
507 3158 577 3204 non
599 3135 700 3203 aliter
719 3159 821 3227 quam
845 3135 1014 3224 scintilla,
1033 3136 1116 3204 flatu
1130 3135 1197 3205 levi
1210 3135 1353 3229 adjuta,

276 3259 391 3351 ignem
413 3280 511 3325 suum
533 3256 689 3351 explicat.
712 3259 867 3350 Erigitur
885 3259 994 3327 virtus
1004 3307 1015 3344 ,
1032 3284 1137 3352 quum
1151 3274 1238 3327 tacta
1251 3274 1303 3327 eet
1315 3277 1356 3328 et

273 3373 430 3468 impulsa.
449 3375 619 3444 Praeterea
635 3373 791 3468 quaedam
811 3390 892 3444 sunt
908 3375 1048 3468 quidem
1071 3376 1109 3444 in
1131 3377 1268 3459 auimo,
1288 3375 1356 3445 sed

270 3511 392 3582 parum
406 3501 585 3581 prompta3
601 3513 677 3582 quae
700 3490 870 3588 incipiunt
893 3490 930 3557 iu
944 3487 1101 3582 expedito
1122 3511 1218 3574 esee,
1242 3513 1355 3583 quum

272 3705 378 3760 cesaris
388 3717 413 3757 et
424 3703 541 3778 Pompeii
552 3703 641 3758 Cicero
652 3705 782 3771 defendit,
833 3705 897 3768 elia,
912 3723 969 3776 que
977 3705 1020 3758 bic
1031 3706 1128 3779 profert
1141 3708 1248 3772 Noster,
1259 3726 1355 3779 parum

275 3784 304 3838 C.
314 3783 428 3837 Licinius
439 3781 531 3836 Calvus
540 3783 665 3836 accusavit
674 3782 783 3835 ambitui
832 3782 953 3857 ponderis
971 3783 1064 3837 babere
1080 3802 1153 3857 posse
1170 3785 1203 3836 ad
1222 3785 1355 3838 Aristonis

271 3859 386 3915 crimine.
398 3859 505 3936 CbNic.
517 3859 600 3912 Faber
612 3859 645 3912 ed
656 3859 692 3910 Μ.
705 3859 783 3916 Sene·
831 3860 983 3914 senteutiam
997 3862 1179 3924 evertendam,
1194 3861 1289 3937 quippe
1303 3866 1354 3933 qui

250 3979 253 3988 ,
272 3956 308 3992 eae
321 3937 358 3989 lll
374 3935 535 3989 Controvers.
550 3957 596 4008 19,
610 3937 633 3988 8.
645 3935 735 3988 unul.
832 3940 920 3992 omnia
930 3941 964 3994 ad
976 3954 1073 3994 rectam
1090 3940 1221 3993 scientiam
1232 3953 1257 3994 et
1268 3939 1355 3994 habi-

308 4035 329 4068 ι.
341 4013 374 4068 Sa·
384 4013 466 4067 dubia
477 4023 555 4078 sunt,
566 4015 662 4084 inquil.
675 4012 759 4066 Aristo
772 4052 781 4082 ,
831 4028 887 4070 tum
899 4016 979 4070 animi
992 4018 1119 4071 retulerat.
1129 4017 1221 4071 Rulli.

271 4093 374 4169 copres
389 4112 426 4146 ro.
437 4091 523 4146 nolo.
865 4096 889 4147 3.
904 4098 1061 4150 Catoniana.
1082 4095 1121 4147 cf.
1141 4095 1242 4148 Erasmi
1263 4095 1355 4170 Δάας.

306 4192 329 4224 2.
342 4171 567 4242 Quid...redditur.
579 4167 683 4222 Senecae
692 4179 727 4221 est
736 4187 783 4221 re·
832 4171 900 4226 Cbil.
914 4172 960 4225 lv.
980 4173 1055 4226 Ceut
1070 4173 1118 4238 lv,
1139 4172 1235 4247 penult.

272 4249 381 4324 epomio.
394 4248 472 4308 Videt
484 4260 569 4300 temen
577 4285 585 4316 ‚
600 4245 653 4302 baec
668 4261 691 4302 et
703 4246 782 4302 multa
865 4250 889 4314 4.
913 4249 1130 4317 Injuriarum...·
1143 4251 1238 4304 obstat.
1252 4251 1354 4307 Versus
