2950 4934
222 476 470 546 PHYSIOL.
496 475 750 545 s‘rolcott.
777 476 868 545 LlB.
894 476 967 543 111.
1070 478 1149 545 655·

78 627 115 683 sis
128 624 214 696 filius,
230 643 288 681 non
304 642 367 701 qum
381 619 445 679 Deo
459 620 547 702 digna
561 632 628 679 sunt
639 620 800 702 cogitabis?
815 620 880 679 Hoc
894 618 1051 695 faciamus,
1066 622 1140 681 etad

78 731 206 810 optimum
221 728 298 789 hunc
311 728 399 787 finem
411 748 471 805 non
485 726 593 806 optime
607 746 721 805 semper
736 725 812 787 «lien
826 739 980 787 vertamus.

395 954 718 1017 otssEltTttto
749 954 811 1016 IX.

77 1149 168 1228 ipsum
182 1149 275 1229 r'toque
293 1145 428 1205 Antinum
446 1146 598 1205 ottonum
605 1144 705 1223 Ignem
716 1166 792 1215 csse,
806 1146 893 1205 sinui
899 1146 985 1205 ctiam
994 1146 1138 1227 Spiritum.

116 1361 155 1423 Er
164 1366 286 1446 primam
294 1363 550 1444 Quaestionemjum
560 1365 770 1444 expunximus,
788 1392 801 1417 ιι
816 1363 902 1423 Unde
916 1377 990 1423 esset
1003 1390 1016 1415 ιι
1032 1354 1046 1421 r
1055 1364 1142 1424 alteru
1236 1354 1239 1361 ²

77 1472 198 1551 excipit,
212 1470 335 1545 «Qualis
349 1470 404 1529 sit?
415 1497 428 1523 n
446 1468 588 1529 Difficilis.
602 1469 674 1529 Nam
688 1498 702 1523 κ
715 1470 822 1530 habere
838 1492 890 1531 nos
901 1471 1050 1543 Animum,
1062 1471 1143 1549 cujus

75 1579 192 1658 imperio
208 1591 237 1637 et
251 1578 436 1659 impellimur,
451 1591 480 1637 ct
495 1599 674 1652 revocamur,
691 1599 790 1638 omnes
812 1578 964 1637 fatebimur
982 1601 990 1637 r
1004 1578 1082 1653 Quid
1095 1592 1144 1637 ta-

49 1686 55 1698 ”
75 1686 174 1744 mensi
189 1685 312 1756 Animus
324 1685 372 1743 ille
384 1727 393 1754 ‚
405 1697 499 1743 rector
512 1683 701 1765 dominusque
712 1686 801 1744 nostri
812 1727 820 1757 ,
831 1706 889 1743 uon
901 1686 991 1766 magis
1002 1686 1053 1744 tibi
1064 1686 1145 1765 quis-

75 1812 159 1872 quam
174 1790 329 1871 expediet,
352 1812 439 1872 quam
458 1790 518 1849 Ubi
539 1791 584 1849 sit.
606 1817 619 1843 o
645 1794 784 1849 Aunaeum
809 1776 937 1851 irostrum
957 1790 1039 1851 nudis
1051 1790 1064 1873 (
1076 1791 1142 1851 Nat.

74 1896 177 1971 Quaest.
199 1896 280 1969 Vll,
295 1917 359 1976 cop.
378 1892 457 1977 24),
483 1897 674 1978 ignorantiam
694 1896 904 1975 profitentem?
926 1897 1001 1957 adde
1019 1898 1145 1958 Tullium

72 2001 108 2083 (1
124 2000 232 2084 Tute.)
249 2026 256 2060 ε
274 2029 288 2055 «
299 2003 402 2063 Animo
416 2001 453 2060 sit
466 2002 607 2075 Animus,
626 2003 758 2084 ignisne,
774 2004 891 2061 nescio:
909 2024 962 2062 nec
979 2026 1026 2063 me
1035 2004 1156 2089 pudet,

71 2122 106 2169 ut
119 2111 206 2182 istos,
219 2109 301 2169 lateri
318 2110 447 2183 nescire,
460 2108 539 2189 quod
553 2109 688 2167 nescium.
707 2135 721 2161 u
734 2108 804 2167 Tale
816 2108 998 2183 Heraclitus,
1013 2111 1043 2169 in
1054 2109 1147 2169 loer-

72 2220 113 2277 tio
128 2240 136 2274 =
160 2245 174 2270 «
189 2217 234 2276 Ile
248 2218 372 2290 Anima,
388 2212 597 2287 omittendum,
615 2216 683 2296 quin
698 2236 783 2274 nemo
802 2216 945 2295 reperiet,
959 2217 1070 2276 etiamsi
1080 2214 1147 2277 orn-

71 2346 140 2384 nem
158 2325 234 2382 viam
256 2325 334 2382 inent
355 2346 363 2381 ε
382 2321 454 2382 odeo
473 2320 644 2403 profundum
662 2342 724 2380 eom
739 2322 883 2380 rationem
905 2343 977 2382 esse.
993 2349 1007 2375 u
1031 2321 1057 2380 0
1076 2323 1148 2382 culi-

71 2432 173 2514 ginem
186 2426 194 2488 l
211 2453 229 2488 o
242 2430 386 2489 miseriam
397 2426 405 2487 l
421 2427 513 2502 illud,
526 2448 583 2508 quo
593 2439 694 2486 eutem
705 2428 848 2486 noscimus
859 2471 868 2500 ,
880 2429 975 2509 ipsum
990 2430 1144 2489 nescimus.

68 2538 150 2614 Quid
163 2550 258 2596 tamen
268 2536 369 2596 Stoicis
379 2536 472 2594 visum
486 2534 664 2607 ,videamus
677 2532 785 2593 Seneca
797 2546 893 2594 noster
904 2534 1004 2594 definit
1017 2533 1087 2617 (Ep.
1101 2526 1146 2617 1)=¹

70 2672 85 2697 κ
99 2643 180 2718 Quid
189 2642 318 2703 estaliud
329 2642 450 2701 Animus
463 2684 471 2715 ,
484 2660 571 2721 Qum
581 2638 793 2719 quodammodo
804 2660 835 2697 se
852 2638 960 2698 habens
973 2638 1117 2720 Spiritus?
1131 2666 1145 2691 o

67 2748 157 2824 Quod
168 2746 267 2807 Graeee
281 2746 368 2806 luisse
378 2746 510 2819 arbitror,
523 2757 623 2826 mrtpr
631 2748 662 2805 τὸ
675 2734 760 2806 nolin.
774 2742 826 2802 Est
839 2744 980 2825 Spin'tus:
995 2756 1023 2804 et
1040 2744 1148 2807 Latinis

66 2877 128 2915 vox
144 2854 200 2914 hoc
217 2855 348 2927 insonat,
359 2851 491 2925 Anium·
504 2854 576 2934 παρὰ
590 2854 633 2911 τὸν
648 2853 741 2932 ἄνεμον
755 2893 763 2921 ,
775 2850 826 2930 qui
837 2862 938 2909 ventus
952 2863 995 2910 est
1009 2862 1038 2909 et
1052 2848 1145 2912 tintus.

66 2962 185 3021 Placuit
202 2960 379 3021 Tertulliano
398 2958 453 3017 hoc
474 2959 551 3018 istud
572 2981 581 3015 z
604 2969 633 3016 et
650 2957 807 3028 «Stoicos,
830 2957 924 3038 inquit
938 2956 1002 3040 (De
1020 2960 1146 3033 Anima,

62 3092 136 3149 cap.
157 3065 221 3148 5),
237 3067 349 3147 allego,
370 3066 420 3145 qui
434 3065 573 3145 Spiritum
588 3063 688 3123 dicunt
706 3063 838 3121 Animam
852 3106 860 3135 ‚
876 3084 956 3143 pune
970 3066 1118 3125 nobiscum
1137 3091 1146 3127 ε

61 3175 139 3255 quia
154 3173 288 3254 proxima
299 3183 366 3230 sunt
376 3168 459 3229 ssatus
469 3182 497 3228 et
510 3169 642 3250 Spiritus.
659 3194 673 3221 u
692 3168 766 3227 Nam
786 3181 813 3227 et
824 3168 976 3229 Christiani
988 3192 1004 3229 c
1015 3172 1150 3232 Mosaicis

59 3282 152 3341 libris
166 3284 267 3353 πνοὴν,
280 3280 341 3337 sive
354 3276 490 3358 Spiritum
509 3275 653 3335 affirmant
669 3299 677 3333 r
694 3276 748 3336 etsi
763 3286 865 3357 πνεῦμα
874 3275 1057 3359 ,supremus
1071 3279 1150 3341 haud

59 3390 161 3461 velit,
181 3401 211 3447 et
230 3386 389 3467 distinguit.
405 3380 669 3469 (Decivit.‚X1V,
685 3404 750 3463 cap.
768 3379 818 3460 24.
830 3382 842 3465 )
856 3381 909 3441 Est
918 3384 1006 3465 igitur
1016 3386 1147 3469 Spiritus,

57 3495 120 3555 sed
131 3495 211 3553 ulis.
222 3492 321 3568 Qualis
331 3489 447 3550 autem?
457 3489 563 3548 clarius
574 3486 628 3546 hoc
640 3488 719 3548 Zeno
729 3500 759 3547 et
770 3486 938 3549 Posidonius
951 3535 959 3565 ‚
972 3492 1001 3550 in
1013 3492 1125 3555 Laertio
1138 3518 1146 3553 ι

57 3631 76 3658 α
96 3600 244 3687 Spiritum
256 3597 402 3671 calidum,
421 3616 483 3655 esse
496 3596 641 3655 Animum.
657 3620 671 3647 u
687 3594 722 3653 Iu
736 3593 914 3657 Stobaeonis:
931 3624 945 3651 u
958 3598 1151 3681 Congeuitum

53 3710 153 3771 nohis
167 3706 294 3767 calidum
306 3705 465 3786 Spiritum,
479 3714 599 3763 censent
612 3703 756 3761 Animam.
771 3728 785 3755 n
798 3703 864 3763 Duo
877 3705 964 3785 igitur
973 3707 1003 3765 in
1018 3729 1069 3781 ea,
1083 3709 1153 3791 Spi-

52 3820 165 3891 ritus,
183 3828 213 3875 et
235 3816 319 3875 Calor
336 3838 344 3871 r
360 3812 439 3895 quod
455 3813 541 3872 etiam
566 3810 693 3871 Galenus
711 3810 799 3871 trudit
812 3810 944 3893 (Libro,
964 3813 1043 3895 Quid
1061 3818 1153 3879 enini

52 3946 163 3985 mores
177 3932 329 4005 sequanam
344 3921 468 4001 comonis
482 3915 662 3999 temperiem)
671 3901 685 3989 ,ἲ
697 3930 727 3977 et
742 3917 841 3977 Stoicis
852 3942 910 3979 non
925 3921 1147 3985 eliud-Animum

52 4053 130 4092 esse
144 4052 236 4111 quum
249 4056 264 4082 «ι
278 4028 467 4109 temperiem,
484 4047 573 4106 quum
588 4025 772 4105 proportione
794 4037 904 4087 constat
918 4048 1001 4087 neren
1021 4040 1050 4087 et
1063 4030 1154 4111 ignea·

51 4138 242 4199 substantio.
259 4162 273 4189 u
299 4133 373 4194 Sane
387 4136 491 4193 Aerem
508 4132 549 4191 ihi
563 4153 647 4204 esse,
664 4152 710 4190 res
722 4132 758 4190 iis
775 4130 906 4207 dicebat,
921 4134 989 4213 quia
1006 4134 1081 4195 hunc
1097 4159 1150 4196 re-

50 4248 252 4326 ciprooumus
268 4244 416 4312 viventes,
432 4252 461 4299 et
476 4238 584 4319 ubsque
602 4260 637 4296 eo
649 4259 702 4297 uec
718 4250 761 4296 est
774 4239 842 4297 vitu.
861 4239 960 4319 ltaque
971 4240 1063 4301 Varro
1075 4240 1147 4303 d'efi-
