2950 4934
325 475 392 560 sor
578 521 582 527 .
691 469 843 540 rosor
867 469 1042 540 mrsu.

324 633 508 699 eorpusesse.
520 612 598 689 Quid
608 613 668 673 itul
680 615 773 674 retius
788 639 802 668 ι
815 611 945 695 Corpon's
957 613 1047 683 borsa.
1059 621 1389 694 moorporuscorpors

320 718 1387 805 ergommaquom’ntsmmertr'rcorpme.»l>rotectomintse

319 829 424 912 logion
438 842 501 903 est,
520 830 550 888 iu
563 827 666 889 nostris
689 825 792 887 sobolis
812 848 871 924 uop
889 825 1005 900 auditu,
1022 847 1081 888 nou
1095 824 1248 887 audiends.
1266 825 1327 888 Sed
1343 849 1388 886 ιι-

318 936 426 996 tionem
439 936 556 1008 omitto,
568 955 630 994 rem
644 934 785 994 eoneutio.
800 933 884 994 Certe
896 931 997 1002 Stoiei,
1013 930 1091 1014 opud
1101 930 1179 995 Sext,
1193 929 1384 1022 Empisieum,

317 1053 426 1125 negent
447 1041 556 1103 Bouron
576 1062 679 1123 oorpus
700 1061 782 1112 esse,
809 1039 862 1100 sed
884 1039 1054 1100 Bom'totem.
1078 1037 1127 1098 stt
1147 1038 1224 1102 euim
1245 1037 1385 1121 (Adros.

318 1146 480 1231 Mathem.)
497 1173 506 1208 t
528 1176 542 1202 ι
555 1149 713 1210 Veritatem
726 1146 859 1209 nonnulli
869 1147 1033 1228 opinentur,
1053 1158 1083 1208 et
1099 1146 1225 1209 muxisue
1248 1145 1354 1218 Stoici,
1371 1167 1385 1203 ι

317 1257 396 1318 Vero
412 1255 527 1316 differre
541 1255 632 1316 tribus
644 1253 756 1327 modis,
772 1245 921 1328 Essintiu,
940 1253 1164 1325 Constitutione,
1181 1251 1311 1316 Virtute.
1332 1251 1386 1312 Es-

315 1365 407 1424 seutiu
428 1363 566 1444 quidem,
588 1363 656 1444 quio
669 1362 783 1423 Veritus
802 1343 846 1421 est
863 1360 982 1442 Corpus.
1004 1360 1113 1421 Verum
1132 1372 1228 1422 sutem
1254 1361 1385 1440 iuoorpo-

312 1491 407 1532 reum.
423 1497 438 1523 s
453 1471 601 1552 Amplius,
621 1497 636 1525 s
649 1469 733 1543 Nox,
754 1468 844 1544 Dies,
862 1467 974 1548 Vesper
989 1489 1108 1549 corporo
1129 1480 1217 1528 sunta
1233 1493 1248 1520 s
1269 1449 1300 1526 et
1320 1464 1384 1548 quid

313 1577 401 1638 verbu
418 1575 494 1636 ultro
513 1575 610 1636 isoio?
632 1575 714 1636 initio
734 1573 842 1634 dietum
868 1585 986 1656 repeto,
1010 1571 1158 1655 Quidquid
1180 1585 1246 1647 est,
1270 1583 1383 1632 eenseut

315 1703 429 1765 corpus.

659 1861 973 1928 msslsttts‘rlo
994 1867 1031 1928 v.

311 2027 401 2091 Deum
427 2039 455 2091 el
479 2029 634 2091 Materiam
660 2027 981 2111 CorporaesseStoicis
1005 2039 1061 2090 eet
1084 2039 1203 2111 φιαίιιον
1231 2031 1385 2092 &imm

687 2135 799 2215 proprie
816 2135 995 2216 lncorporeo.

350 2312 427 2372 dou.
442 2309 544 2372 Fateor
556 2333 615 2371 non
627 2313 750 2373 inritum
766 2334 813 2374 me
828 2313 886 2376 hoc
903 2314 1020 2388 audire,
1036 2315 1089 2376 etsi
1104 2315 1200 2374 ιιιίιιιο
1212 2314 1378 2376 obtereret.
1447 2315 1448 2318 ’

309 2418 339 2476 Si
354 2419 432 2478 enim
448 2419 545 2478 ornniu
560 2418 620 2478 haee
637 2419 783 2500 Corpora,
807 2420 896 2494 cedo,
912 2421 983 2501 quid
999 2422 1085 2504 igitur
1099 2419 1302 2503 lucorporeuru
1316 2423 1381 2484 est?
1447 2445 1448 2478 f

310 2547 348 2584 ou
372 2525 404 2584 id
418 2524 527 2596 solutu,
544 2525 622 2606 quod
643 2547 700 2585 nou
721 2537 782 2598 est,
798 2539 831 2586 ut
851 2525 990 2588 chimera
1005 2540 1034 2590 et
1052 2529 1227 2590 Centaurus?
1244 2527 1327 2589 Ltus.
1345 2529 1381 2590 Et
1447 2547 1448 2550 ’

309 2653 364 2713 ego
377 2630 466 2690 libere
480 2628 571 2692 fateor
582 2629 684 2692 diutile
697 2633 728 2690 iu
739 2630 793 2694 loeo
804 2633 988 2714 inquisitione
1003 2633 1166 2709 moluisse,
1178 2633 1379 2697 etoblsaesisse.

309 2738 418 2798 Seneee
435 2735 551 2818 quidem
566 2737 703 2818 expedire
717 2759 771 2797 nos
787 2737 926 2813 debebut,
944 2751 973 2800 et
988 2753 1130 2820 coeperat,
1146 2741 1195 2800 nbi
1209 2739 1381 2802 divisionem

308 2841 460 2922 Corporum
470 2855 500 2901 et
510 2837 741 2921 Nou-corporum
753 2844 875 2902 instituit
887 2867 896 2902 e
909 2843 960 2904 sed
973 2843 1115 2917 deseruit,
1132 2857 1162 2904 et
1176 2846 1205 2903 iu
1217 2844 1293 2904 vado
1306 2848 1384 2906 reli·

305 2949 380 3029 quit.
398 2947 496 3008 Verbo
510 2949 572 3027 ejus
593 2949 648 3007 isto
663 2945 777 3029 (Epist.
796 2947 927 3030 sxxxtx)
944 2973 953 3009 s
973 2977 986 3004 ι
1004 2949 1146 3010 latomis
1165 2971 1230 3032 pars
1246 2951 1384 3014 Philoso-
1447 2993 1448 3034 ι

307 3052 382 3134 plsie
397 3054 427 3111 iu
443 3052 500 3112 duo
516 3051 667 3126 scinditur,
683 3054 848 3135 Corporaliu
863 3067 893 3115 et
909 3055 1111 3136 Incorporaliu.
1129 3056 1286 3137 Corporum
1300 3059 1382 3118 locus

308 3160 445 3220 dividitur
460 3162 490 3219 iu
505 3159 557 3219 lsos
571 3161 696 3242 primum
712 3159 834 3242 gradus,
849 3161 880 3220 in
895 3183 928 3221 eo
944 3183 1006 3243 quae
1022 3161 1158 3236 Faciunt,
1170 3175 1199 3222 et
1212 3185 1274 3245 qua
1286 3186 1327 3225 ex
1338 3166 1381 3226 lsis

308 3265 483 3348 Gignuutur.
508 3266 673 3350 Gignuutur
686 3251 782 3328 sutem
804 3265 964 3328 Elementa.
990 3267 1056 3351 lpse
1070 3267 1211 3332 Elemeuti
1227 3271 1329 3346 loeus,
1350 3286 1381 3333 ut

306 3372 423 3453 quidum
438 3385 557 3455 putant,
574 3374 698 3455 simplex
713 3387 757 3434 est
773 3398 782 3433 r
799 3373 983 3455 utquidum,
1000 3375 1032 3436 iu
1045 3375 1196 3438 Materiam
1212 3391 1241 3438 et
1256 3379 1380 3441 Causam

304 3481 402 3538 omnio
415 3493 596 3553 moventem,
612 3493 642 3540 et
655 3479 804 3540 Elementa
825 3479 971 3542 dividitur.
996 3479 1133 3562 Superest
1151 3495 1184 3542 ut
1198 3483 1380 3546 Rationalem

230 3593 233 3596 ’
304 3598 416 3665 purtem
432 3586 617 3666 Philosophia
639 3585 811 3648 dividamus.
832 3613 846 3640 ι
869 3586 945 3648 Ecce
965 3588 1121 3650 instiurtum
1141 3589 1337 3667 divisionem,
1355 3607 1381 3654 et

304 3711 395 3750 uuum
405 3703 491 3772 eaput
504 3692 670 3773 exsequitur
684 3693 722 3754 de
736 3692 931 3774 Corporibus:
946 3693 1066 3756 altentm
1080 3693 1117 3756 de
1132 3695 1316 3778 lucos-porcis
1328 3721 1380 3760 uee

161 3861 169 3873 ¹
302 3797 391 3856 verbo
402 3799 502 3878 tangit.
518 3799 643 3886 Consilio
656 3811 706 3858 out
717 3798 850 3882 neglectu
861 3801 921 3879 ejus
933 3802 1086 3874 omissum,
1099 3823 1136 3862 on
1148 3803 1261 3885 ignavia
1270 3809 1380 3872 exscri-

304 3914 435 3981 ptorum,
453 3923 509 3960 nou
525 3901 631 3962 definio
649 3927 657 3962 s
680 3903 734 3963 sed
749 3903 802 3964 hoo
816 3905 893 3966 olnre
914 3905 1031 3980 haurio,
1047 3907 1111 3987 ipse
1124 3909 1217 3989 prima
1232 3908 1380 3993 Principis

302 4005 427 4087 Corpora
441 4027 519 4080 esse,
533 4008 726 4070 Moloss'amet
737 4009 872 4072 Canem.
886 4009 924 4072 Et
933 4011 970 4073 de
979 4013 1102 4074 Mutoris
1114 4014 1231 4096 quidem
1240 4017 1302 4095 jam
1313 4033 1380 4080 ante

301 4111 368 4169 sutis
382 4113 557 4172 firmavimus
567 4112 706 4195 (Dissert.
719 4137 743 4176 11
754 4115 876 4200 supro),
889 4117 938 4180 ubi
955 4119 996 4180 de
1009 4140 1044 4180 en
1059 4118 1167 4184 desum
1181 4143 1189 4180 ι
1203 4121 1256 4181 sed
1269 4119 1379 4186 hostii

300 4217 385 4277 οιίιιι
396 4220 483 4278 verba
496 4231 580 4295 sunt,
594 4241 658 4302 quse
672 4220 710 4283 de
719 4233 841 4304 utruque
850 4225 993 4307 principio
1006 4227 1153 4291 evincunt.
1170 4229 1250 4296 luter
1261 4228 1376 4305 Stoica,
