<?xml version="1.0" encoding="UTF-8"?>
<!DOCTYPE html PUBLIC "-//W3C//DTD XHTML 1.0 Transitional//EN"
    "http://www.w3.org/TR/xhtml1/DTD/xhtml1-transitional.dtd">
<html xmlns="http://www.w3.org/1999/xhtml" xml:lang="en" lang="en">
 <head>
  <title>
</title>
<meta http-equiv="Content-Type" content="text/html;charset=utf-8" />
  <meta name='ocr-system' content='tesseract 3.04.00' />
  <meta name='ocr-capabilities' content='ocr_page ocr_carea ocr_par ocr_line ocrx_word'/>
</head>
<body>
  <div class='ocr_page' id='page_1' title='image "./lannsenecparspr04bouigoog_0369.png"; bbox 0 0 2950 4934; ppageno 0'>
   <div class='ocr_carea' id='block_1_1' title="bbox 411 457 1190 555">
    <p class='ocr_par' dir='ltr' id='par_1_1' title="bbox 411 457 1190 555">
     <span class='ocr_line' id='line_1_1' title="bbox 411 457 1190 555; baseline 0.005 -30"><span class='ocrx_word' id='word_1_1' title='bbox 411 458 676 528; x_wconf 74' lang='lat' dir='ltr'><strong>urrsrons</strong></span> <span class='ocrx_word' id='word_1_2' title='bbox 701 457 884 527; x_wconf 68' lang='lat' dir='ltr'><strong>cxxlu</strong></span> <span class='ocrx_word' id='word_1_3' title='bbox 1123 462 1190 555; x_wconf 72' lang='lat'><strong>359</strong></span> 
     </span>
    </p>
   </div>
   <div class='ocr_carea' id='block_1_2' title="bbox 103 586 1237 2195">
    <p class='ocr_par' dir='ltr' id='par_1_2' title="bbox 103 586 1191 1036">
     <span class='ocr_line' id='line_1_2' title="bbox 105 586 1191 682; baseline -0.004 -21"><span class='ocrx_word' id='word_1_4' title='bbox 105 592 225 661; x_wconf 85' lang='lat' dir='ltr'><strong>duret¹</strong></span> <span class='ocrx_word' id='word_1_5' title='bbox 255 589 383 659; x_wconf 92' lang='lat' dir='ltr'><strong>bonum</strong></span> <span class='ocrx_word' id='word_1_6' title='bbox 415 587 609 680; x_wconf 85' lang='lat' dir='ltr'><strong>malumque</strong></span> <span class='ocrx_word' id='word_1_7' title='bbox 639 586 857 681; x_wconf 75' lang='lat' dir='ltr'><strong>dignoscere.</strong></span> <span class='ocrx_word' id='word_1_8' title='bbox 876 586 981 657; x_wconf 88' lang='lat' dir='ltr'><strong>Vides</strong></span> <span class='ocrx_word' id='word_1_9' title='bbox 999 589 1037 655; x_wconf 93' lang='lat' dir='ltr'><strong>in</strong></span> <span class='ocrx_word' id='word_1_10' title='bbox 1063 606 1191 682; x_wconf 79' lang='lat' dir='ltr'><strong>quanta</strong></span> 
     </span>
     <span class='ocr_line' id='line_1_3' title="bbox 106 704 1191 803; baseline -0.002 -28"><span class='ocrx_word' id='word_1_11' title='bbox 106 709 303 803; x_wconf 78' lang='lat' dir='ltr'><strong>ignorantia</strong></span> <span class='ocrx_word' id='word_1_12' title='bbox 321 706 476 781; x_wconf 76' lang='lat' dir='ltr'><strong>veritatis</strong></span> <span class='ocrx_word' id='word_1_13' title='bbox 493 721 672 791; x_wconf 76' lang='lat' dir='ltr'><strong>versetur,</strong></span> <span class='ocrx_word' id='word_1_14' title='bbox 693 720 727 779; x_wconf 88' lang='lat' dir='ltr'><strong>et</strong></span> <span class='ocrx_word' id='word_1_15' title='bbox 746 728 848 797; x_wconf 82' lang='lat' dir='ltr'><strong>quum</strong></span> <span class='ocrx_word' id='word_1_16' title='bbox 865 704 962 772; x_wconf 93' lang='lat' dir='ltr'><strong>bumi</strong></span> <span class='ocrx_word' id='word_1_17' title='bbox 978 705 1137 773; x_wconf 88' lang='lat' dir='ltr'><strong>sublimia</strong></span> <span class='ocrx_word' id='word_1_18' title='bbox 1149 728 1191 774; x_wconf 83' lang='lat' dir='ltr'><strong>nc</strong></span> 
     </span>
     <span class='ocr_line' id='line_1_4' title="bbox 107 820 1190 919; baseline -0.002 -25"><span class='ocrx_word' id='word_1_19' title='bbox 107 824 227 895; x_wconf 81' lang='lat' dir='ltr'><strong>divina</strong></span> <span class='ocrx_word' id='word_1_20' title='bbox 245 824 455 919; x_wconf 81' lang='lat' dir='ltr'><strong>projecerit,</strong></span> <span class='ocrx_word' id='word_1_21' title='bbox 475 821 568 916; x_wconf 87' lang='lat' dir='ltr'><strong>opud</strong></span> <span class='ocrx_word' id='word_1_22' title='bbox 585 846 687 915; x_wconf 92' lang='lat' dir='ltr'><strong>quem</strong></span> <span class='ocrx_word' id='word_1_23' title='bbox 708 820 752 890; x_wconf 90' lang='lat' dir='ltr'><strong>de</strong></span> <span class='ocrx_word' id='word_1_24' title='bbox 771 822 1009 890; x_wconf 90' lang='lat' dir='ltr'><strong>summobono</strong></span> <span class='ocrx_word' id='word_1_25' title='bbox 1033 824 1190 917; x_wconf 84' lang='lat' dir='ltr'><strong>maloque</strong></span> 
     </span>
     <span class='ocr_line' id='line_1_5' title="bbox 103 942 379 1036; baseline -0.004 -25"><span class='ocrx_word' id='word_1_26' title='bbox 103 942 240 1036; x_wconf 81' lang='lat' dir='ltr'><strong>judicet</strong></span> <span class='ocrx_word' id='word_1_27' title='bbox 258 956 379 1011; x_wconf 84' lang='lat' dir='ltr'><strong>tuctus.</strong></span> 
     </span>
    </p>

    <p class='ocr_par' dir='ltr' id='par_1_3' title="bbox 107 1058 1237 2195">
     <span class='ocr_line' id='line_1_6' title="bbox 163 1058 1232 1154; baseline -0.002 -27"><span class='ocrx_word' id='word_1_28' title='bbox 163 1058 518 1154; x_wconf 81' lang='lat' dir='ltr'><strong>«Quemadmodum-¹,</strong></span> <span class='ocrx_word' id='word_1_29' title='bbox 536 1060 663 1153; x_wconf 90' lang='lat' dir='ltr'><strong>inquit,</strong></span> <span class='ocrx_word' id='word_1_30' title='bbox 680 1059 789 1128; x_wconf 88' lang='lat' dir='ltr'><strong>omnis</strong></span> <span class='ocrx_word' id='word_1_31' title='bbox 800 1060 1053 1152; x_wconf 83' lang='lat' dir='ltr'><strong>scientiastque</strong></span> <span class='ocrx_word' id='word_1_32' title='bbox 1067 1060 1192 1128; x_wconf 85' lang='lat' dir='ltr'><strong>areali-</strong></span> <span class='ocrx_word' id='word_1_33' title='bbox 1215 1074 1232 1125; x_wconf 81' lang='grc'><strong>6</strong></span> 
     </span>
     <span class='ocr_line' id='line_1_7' title="bbox 107 1174 1188 1271; baseline 0.001 -27"><span class='ocrx_word' id='word_1_34' title='bbox 107 1177 195 1271; x_wconf 90' lang='lat' dir='ltr'><strong>quid</strong></span> <span class='ocrx_word' id='word_1_35' title='bbox 203 1174 444 1245; x_wconf 86' lang='lat' dir='ltr'><strong>debethubere</strong></span> <span class='ocrx_word' id='word_1_36' title='bbox 455 1176 670 1245; x_wconf 81' lang='lat' dir='ltr'><strong>manifestum</strong></span> <span class='ocrx_word' id='word_1_37' title='bbox 682 1227 692 1258; x_wconf 90' lang='lat'><strong>,</strong></span> <span class='ocrx_word' id='word_1_38' title='bbox 702 1200 871 1269; x_wconf 88' lang='lat' dir='ltr'><strong>sensuque</strong></span> <span class='ocrx_word' id='word_1_39' title='bbox 881 1177 1188 1270; x_wconf 87' lang='lat' dir='ltr'><strong>comprehensum,</strong></span> 
     </span>
     <span class='ocr_line' id='line_1_8' title="bbox 108 1290 1193 1383; baseline 0 -25"><span class='ocrx_word' id='word_1_40' title='bbox 108 1315 151 1358; x_wconf 84' lang='lat' dir='ltr'><strong>ex</strong></span> <span class='ocrx_word' id='word_1_41' title='bbox 166 1312 237 1383; x_wconf 90' lang='lat' dir='ltr'><strong>quo</strong></span> <span class='ocrx_word' id='word_1_42' title='bbox 252 1290 385 1358; x_wconf 78' lang='lat' dir='ltr'><strong>oriatur</strong></span> <span class='ocrx_word' id='word_1_43' title='bbox 396 1306 433 1358; x_wconf 85' lang='lat' dir='ltr'><strong>et</strong></span> <span class='ocrx_word' id='word_1_44' title='bbox 445 1305 575 1359; x_wconf 81' lang='lat' dir='ltr'><strong>crescat</strong></span> <span class='ocrx_word' id='word_1_45' title='bbox 591 1318 600 1377; x_wconf 76' lang='lat'><em>3</em></span> <span class='ocrx_word' id='word_1_46' title='bbox 617 1291 666 1359; x_wconf 87' lang='lat' dir='ltr'><strong>sic</strong></span> <span class='ocrx_word' id='word_1_47' title='bbox 680 1290 780 1359; x_wconf 81' lang='lat' dir='ltr'><strong>beata</strong></span> <span class='ocrx_word' id='word_1_48' title='bbox 798 1292 868 1360; x_wconf 85' lang='lat' dir='ltr'><strong>rita</strong></span> <span class='ocrx_word' id='word_1_49' title='bbox 885 1290 1143 1360; x_wconf 80' lang='lat' dir='ltr'><strong>fundamentum</strong></span> <span class='ocrx_word' id='word_1_50' title='bbox 1158 1306 1193 1359; x_wconf 88' lang='lat' dir='ltr'><strong>et</strong></span> 
     </span>
     <span class='ocr_line' id='line_1_9' title="bbox 108 1402 1193 1501; baseline 0 -24"><span class='ocrx_word' id='word_1_51' title='bbox 108 1410 248 1477; x_wconf 89' lang='lat' dir='ltr'><strong>initium</strong></span> <span class='ocrx_word' id='word_1_52' title='bbox 270 1432 289 1475; x_wconf 88' lang='lat' dir='ltr'><strong>u</strong></span> <span class='ocrx_word' id='word_1_53' title='bbox 310 1408 497 1478; x_wconf 72' lang='lat' dir='ltr'><strong>manifestis</strong></span> <span class='ocrx_word' id='word_1_54' title='bbox 520 1406 636 1490; x_wconf 88' lang='lat' dir='ltr'><strong>ducit,</strong></span> <span class='ocrx_word' id='word_1_55' title='bbox 657 1425 691 1475; x_wconf 90' lang='lat' dir='ltr'><strong>et</strong></span> <span class='ocrx_word' id='word_1_56' title='bbox 710 1408 754 1476; x_wconf 87' lang='lat' dir='ltr'><strong>sb</strong></span> <span class='ocrx_word' id='word_1_57' title='bbox 772 1402 838 1477; x_wconf 80' lang='lat' dir='ltr'><strong>eo³</strong></span> <span class='ocrx_word' id='word_1_58' title='bbox 861 1408 956 1501; x_wconf 94' lang='lat' dir='ltr'><strong>quod</strong></span> <span class='ocrx_word' id='word_1_59' title='bbox 975 1408 1039 1477; x_wconf 88' lang='lat' dir='ltr'><strong>sub</strong></span> <span class='ocrx_word' id='word_1_60' title='bbox 1056 1432 1193 1478; x_wconf 88' lang='lat' dir='ltr'><strong>sensum</strong></span> 
     </span>
     <span class='ocr_line' id='line_1_10' title="bbox 108 1520 1193 1617; baseline -0.002 -22"><span class='ocrx_word' id='word_1_61' title='bbox 108 1526 216 1595; x_wconf 82' lang='lat' dir='ltr'><strong>cadit.</strong></span> <span class='ocrx_word' id='word_1_62' title='bbox 238 1527 325 1593; x_wconf 82' lang='lat' dir='ltr'><strong>Num</strong></span> <span class='ocrx_word' id='word_1_63' title='bbox 347 1524 414 1617; x_wconf 87' lang='lat' dir='ltr'><strong>[et]</strong></span> <span class='ocrx_word' id='word_1_64' title='bbox 437 1520 518 1593; x_wconf 69' lang='lat' dir='ltr'><strong>vuol</strong></span> <span class='ocrx_word' id='word_1_65' title='bbox 535 1549 556 1594; x_wconf 84' lang='lat' dir='ltr'><strong>s</strong></span> <span class='ocrx_word' id='word_1_66' title='bbox 573 1525 760 1593; x_wconf 83' lang='lat' dir='ltr'><strong>manifestis</strong></span> <span class='ocrx_word' id='word_1_67' title='bbox 776 1525 909 1594; x_wconf 82' lang='lat' dir='ltr'><strong>beatum</strong></span> <span class='ocrx_word' id='word_1_68' title='bbox 932 1527 1036 1594; x_wconf 81' lang='lat' dir='ltr'><strong>vitum</strong></span> <span class='ocrx_word' id='word_1_69' title='bbox 1056 1528 1193 1594; x_wconf 89' lang='lat' dir='ltr'><strong>initium</strong></span> 
     </span>
     <span class='ocr_line' id='line_1_11' title="bbox 109 1641 1193 1736; baseline 0.002 -26"><span class='ocrx_word' id='word_1_70' title='bbox 109 1644 164 1710; x_wconf 87' lang='lat' dir='ltr'><strong>sui</strong></span> <span class='ocrx_word' id='word_1_71' title='bbox 181 1666 306 1735; x_wconf 78' lang='lat' dir='ltr'><strong>capere</strong></span> <span class='ocrx_word' id='word_1_72' title='bbox 321 1641 447 1711; x_wconf 90' lang='lat' dir='ltr'><strong>dicitis.</strong></span> <span class='ocrx_word' id='word_1_73' title='bbox 463 1643 686 1713; x_wconf 75' lang='lat' dir='ltr'><strong>n-Dicimus</strong></span> <span class='ocrx_word' id='word_1_74' title='bbox 699 1642 798 1709; x_wconf 85' lang='lat' dir='ltr'><strong>beato</strong></span> <span class='ocrx_word' id='word_1_75' title='bbox 808 1666 904 1726; x_wconf 87' lang='lat' dir='ltr'><strong>esse,</strong></span> <span class='ocrx_word' id='word_1_76' title='bbox 920 1666 996 1736; x_wconf 85' lang='lat' dir='ltr'><strong>quae</strong></span> <span class='ocrx_word' id='word_1_77' title='bbox 1008 1644 1193 1712; x_wconf 84' lang='lat' dir='ltr'><strong>secundum</strong></span> 
     </span>
     <span class='ocr_line' id='line_1_12' title="bbox 109 1760 1237 1854; baseline 0.001 -27"><span class='ocrx_word' id='word_1_78' title='bbox 109 1775 268 1827; x_wconf 83' lang='lat' dir='ltr'><strong>usturam</strong></span> <span class='ocrx_word' id='word_1_79' title='bbox 285 1777 366 1829; x_wconf 88' lang='lat' dir='ltr'><strong>eunt</strong></span> <span class='ocrx_word' id='word_1_80' title='bbox 380 1785 388 1828; x_wconf 91' lang='lat'>:</span> <span class='ocrx_word' id='word_1_81' title='bbox 404 1760 489 1853; x_wconf 93' lang='lat' dir='ltr'><strong>quid</strong></span> <span class='ocrx_word' id='word_1_82' title='bbox 502 1777 615 1829; x_wconf 83' lang='lat' dir='ltr'><strong>autem</strong></span> <span class='ocrx_word' id='word_1_83' title='bbox 631 1760 818 1829; x_wconf 90' lang='lat' dir='ltr'><strong>secundum</strong></span> <span class='ocrx_word' id='word_1_84' title='bbox 832 1775 986 1829; x_wconf 86' lang='lat' dir='ltr'><strong>naturam</strong></span> <span class='ocrx_word' id='word_1_85' title='bbox 1002 1762 1064 1843; x_wconf 88' lang='lat' dir='ltr'><strong>sit,</strong></span> <span class='ocrx_word' id='word_1_86' title='bbox 1082 1760 1193 1854; x_wconf 80' lang='lat' dir='ltr'><strong>polam</strong></span> <span class='ocrx_word' id='word_1_87' title='bbox 1232 1772 1237 1777; x_wconf 86' lang='lat'>&#39;</span> 
     </span>
     <span class='ocr_line' id='line_1_13' title="bbox 109 1876 1195 1972; baseline 0 -28"><span class='ocrx_word' id='word_1_88' title='bbox 109 1892 146 1945; x_wconf 86' lang='lat' dir='ltr'><strong>et</strong></span> <span class='ocrx_word' id='word_1_89' title='bbox 156 1878 314 1970; x_wconf 87' lang='lat' dir='ltr'><strong>protinus</strong></span> <span class='ocrx_word' id='word_1_90' title='bbox 328 1894 494 1971; x_wconf 81' lang='lat' dir='ltr'><strong>apparet,</strong></span> <span class='ocrx_word' id='word_1_91' title='bbox 511 1879 618 1960; x_wconf 86' lang='lat' dir='ltr'><strong>sicut,</strong></span> <span class='ocrx_word' id='word_1_92' title='bbox 635 1876 720 1969; x_wconf 93' lang='lat' dir='ltr'><strong>quid</strong></span> <span class='ocrx_word' id='word_1_93' title='bbox 734 1878 778 1945; x_wconf 85' lang='lat' dir='ltr'><strong>sit</strong></span> <span class='ocrx_word' id='word_1_94' title='bbox 792 1879 976 1972; x_wconf 81' lang='lat' dir='ltr'><strong>integrum.</strong></span> <span class='ocrx_word' id='word_1_95' title='bbox 994 1877 1079 1959; x_wconf 86' lang='lat' dir='ltr'><strong>Sed,</strong></span> <span class='ocrx_word' id='word_1_96' title='bbox 1103 1876 1195 1970; x_wconf 93' lang='lat' dir='ltr'><strong>quod</strong></span> 
     </span>
     <span class='ocr_line' id='line_1_14' title="bbox 111 1988 1192 2088; baseline 0 -27"><span class='ocrx_word' id='word_1_97' title='bbox 111 1992 302 2062; x_wconf 86' lang='lat' dir='ltr'><strong>secundum</strong></span> <span class='ocrx_word' id='word_1_98' title='bbox 329 2010 486 2066; x_wconf 82' lang='lat' dir='ltr'><strong>naturam</strong></span> <span class='ocrx_word' id='word_1_99' title='bbox 512 1988 597 2077; x_wconf 85' lang='lat' dir='ltr'><strong>est⁵,</strong></span> <span class='ocrx_word' id='word_1_100' title='bbox 625 1995 717 2086; x_wconf 90' lang='lat' dir='ltr'><strong>quod</strong></span> <span class='ocrx_word' id='word_1_101' title='bbox 742 1996 886 2088; x_wconf 82' lang='lat' dir='ltr'><strong>contigit</strong></span> <span class='ocrx_word' id='word_1_102' title='bbox 903 1996 1061 2088; x_wconf 90' lang='lat' dir='ltr'><strong>protinus</strong></span> <span class='ocrx_word' id='word_1_103' title='bbox 1085 2009 1192 2080; x_wconf 85' lang='lat' dir='ltr'><strong>nato,</strong></span> 
     </span>
     <span class='ocr_line' id='line_1_15' title="bbox 110 2108 1191 2195; baseline 0.001 -18"><span class='ocrx_word' id='word_1_104' title='bbox 110 2133 185 2177; x_wconf 89' lang='lat' dir='ltr'><strong>non</strong></span> <span class='ocrx_word' id='word_1_105' title='bbox 201 2108 279 2179; x_wconf 93' lang='lat' dir='ltr'><strong>dico</strong></span> <span class='ocrx_word' id='word_1_106' title='bbox 291 2110 419 2179; x_wconf 91' lang='lat' dir='ltr'><strong>bonum</strong></span> <span class='ocrx_word' id='word_1_107' title='bbox 434 2162 442 2194; x_wconf 90' lang='lat'><strong>,</strong></span> <span class='ocrx_word' id='word_1_108' title='bbox 460 2112 520 2183; x_wconf 86' lang='lat' dir='ltr'><strong>sed</strong></span> <span class='ocrx_word' id='word_1_109' title='bbox 533 2112 670 2178; x_wconf 89' lang='lat' dir='ltr'><strong>initium</strong></span> <span class='ocrx_word' id='word_1_110' title='bbox 683 2110 779 2181; x_wconf 84' lang='lat' dir='ltr'><strong>boni.</strong></span> <span class='ocrx_word' id='word_1_111' title='bbox 796 2112 851 2181; x_wconf 87' lang='lat' dir='ltr'><strong>Tu</strong></span> <span class='ocrx_word' id='word_1_112' title='bbox 863 2136 1030 2180; x_wconf 90' lang='lat' dir='ltr'><strong>summum</strong></span> <span class='ocrx_word' id='word_1_113' title='bbox 1045 2111 1172 2180; x_wconf 92' lang='lat' dir='ltr'><strong>bouum</strong></span> <span class='ocrx_word' id='word_1_114' title='bbox 1181 2161 1191 2195; x_wconf 89' lang='lat'><strong>,</strong></span> 
     </span>
    </p>
   </div>
   <div class='ocr_carea' id='block_1_3' title="bbox 110 2353 1238 4319">
    <p class='ocr_par' dir='ltr' id='par_1_4' title="bbox 110 2353 1195 2505">
     <span class='ocr_line' id='line_1_16' title="bbox 111 2353 1195 2426; baseline -0.003 -17"><span class='ocrx_word' id='word_1_115' title='bbox 111 2375 142 2409; x_wconf 78' lang='lat' dir='ltr'><strong>ae</strong></span> <span class='ocrx_word' id='word_1_116' title='bbox 154 2354 212 2417; x_wconf 84' lang='lat' dir='ltr'><strong>isti,</strong></span> <span class='ocrx_word' id='word_1_117' title='bbox 223 2354 267 2425; x_wconf 81' lang='lat' dir='ltr'><strong>qui</strong></span> <span class='ocrx_word' id='word_1_118' title='bbox 280 2372 369 2406; x_wconf 78' lang='lat' dir='ltr'><strong>sensus</strong></span> <span class='ocrx_word' id='word_1_119' title='bbox 382 2354 475 2405; x_wconf 75' lang='lat' dir='ltr'><strong>rationi</strong></span> <span class='ocrx_word' id='word_1_120' title='bbox 490 2354 631 2426; x_wconf 73' lang='lat' dir='ltr'><strong>presserunt</strong></span> <span class='ocrx_word' id='word_1_121' title='bbox 677 2364 701 2405; x_wconf 89' lang='lat' dir='ltr'><strong>et</strong></span> <span class='ocrx_word' id='word_1_122' title='bbox 712 2365 801 2406; x_wconf 76' lang='lat' dir='ltr'><strong>contre</strong></span> <span class='ocrx_word' id='word_1_123' title='bbox 811 2354 916 2409; x_wconf 68' lang='lat' dir='ltr'><strong>Seneca</strong></span> <span class='ocrx_word' id='word_1_124' title='bbox 923 2375 1021 2408; x_wconf 85' lang='lat' dir='ltr'><strong>morem</strong></span> <span class='ocrx_word' id='word_1_125' title='bbox 1034 2354 1062 2407; x_wconf 89' lang='lat' dir='ltr'><strong>iu</strong></span> <span class='ocrx_word' id='word_1_126' title='bbox 1073 2353 1117 2407; x_wconf 81' lang='lat' dir='ltr'><strong>teli</strong></span> <span class='ocrx_word' id='word_1_127' title='bbox 1127 2374 1195 2409; x_wconf 84' lang='lat' dir='ltr'><strong>eon-</strong></span> 
     </span>
     <span class='ocr_line' id='line_1_17' title="bbox 110 2431 1145 2505; baseline -0.001 -19"><span class='ocrx_word' id='word_1_128' title='bbox 110 2434 140 2486; x_wconf 87' lang='lat' dir='ltr'><strong>iu</strong></span> <span class='ocrx_word' id='word_1_129' title='bbox 150 2433 222 2485; x_wconf 89' lang='lat' dir='ltr'><strong>bono</strong></span> <span class='ocrx_word' id='word_1_130' title='bbox 229 2431 348 2501; x_wconf 78' lang='lat' dir='ltr'><strong>maloque</strong></span> <span class='ocrx_word' id='word_1_131' title='bbox 357 2431 541 2505; x_wconf 78' lang='lat' dir='ltr'><strong>dignoscendo.</strong></span> <span class='ocrx_word' id='word_1_132' title='bbox 552 2433 588 2485; x_wconf 80' lang='lat' dir='ltr'><strong>R.</strong></span> <span class='ocrx_word' id='word_1_133' title='bbox 677 2431 822 2487; x_wconf 83' lang='lat' dir='ltr'><strong>structione.</strong></span> <span class='ocrx_word' id='word_1_134' title='bbox 830 2433 921 2505; x_wconf 78' lang='lat' dir='ltr'><strong>Adjeci</strong></span> <span class='ocrx_word' id='word_1_135' title='bbox 932 2437 991 2486; x_wconf 87' lang='lat' dir='ltr'><strong>euni</strong></span> <span class='ocrx_word' id='word_1_136' title='bbox 1003 2434 1057 2487; x_wconf 78' lang='lat' dir='ltr'><strong>Pat.</strong></span> <span class='ocrx_word' id='word_1_137' title='bbox 1074 2434 1098 2485; x_wconf 81' lang='grc'><strong>3.</strong></span> <span class='ocrx_word' id='word_1_138' title='bbox 1115 2433 1145 2486; x_wconf 84' lang='lat' dir='ltr'><strong>S.</strong></span> 
     </span>
    </p>

    <p class='ocr_par' dir='ltr' id='par_1_5' title="bbox 110 2506 1238 3053">
     <span class='ocr_line' id='line_1_18' title="bbox 149 2506 1195 2586; baseline 0.002 -24"><span class='ocrx_word' id='word_1_139' title='bbox 149 2531 171 2562; x_wconf 90' lang='lat' dir='ltr'><strong>r.</strong></span> <span class='ocrx_word' id='word_1_140' title='bbox 184 2510 278 2563; x_wconf 82' lang='lat' dir='ltr'><strong>Darei·</strong></span> <span class='ocrx_word' id='word_1_141' title='bbox 287 2510 366 2561; x_wconf 86' lang='lat' dir='ltr'><strong>Recte</strong></span> <span class='ocrx_word' id='word_1_142' title='bbox 383 2527 410 2561; x_wconf 81' lang='lat' dir='ltr'><strong>a.</strong></span> <span class='ocrx_word' id='word_1_143' title='bbox 424 2506 460 2560; x_wconf 80' lang='lat' dir='ltr'><strong>Il.</strong></span> <span class='ocrx_word' id='word_1_144' title='bbox 471 2508 543 2561; x_wconf 83' lang='lat' dir='ltr'><strong>Pinr.</strong></span> <span class='ocrx_word' id='word_1_145' title='bbox 554 2508 629 2560; x_wconf 86' lang='lat' dir='ltr'><strong>Grut.</strong></span> <span class='ocrx_word' id='word_1_146' title='bbox 712 2510 735 2575; x_wconf 96' lang='lat'><strong>4.</strong></span> <span class='ocrx_word' id='word_1_147' title='bbox 746 2510 821 2562; x_wconf 85' lang='lat' dir='ltr'><strong>Nam</strong></span> <span class='ocrx_word' id='word_1_148' title='bbox 830 2522 856 2563; x_wconf 86' lang='lat' dir='ltr'><strong>et</strong></span> <span class='ocrx_word' id='word_1_149' title='bbox 865 2530 922 2563; x_wconf 79' lang='lat' dir='ltr'><strong>vos.</strong></span> <span class='ocrx_word' id='word_1_150' title='bbox 934 2511 1035 2579; x_wconf 84' lang='lat' dir='ltr'><strong>Nempe</strong></span> <span class='ocrx_word' id='word_1_151' title='bbox 1045 2531 1103 2572; x_wconf 86' lang='lat' dir='ltr'><strong>vos,</strong></span> <span class='ocrx_word' id='word_1_152' title='bbox 1116 2512 1195 2586; x_wconf 80' lang='lat' dir='ltr'><strong>vulgo</strong></span> 
     </span>
     <span class='ocr_line' id='line_1_19' title="bbox 111 2586 1195 2653; baseline 0.001 -11"><span class='ocrx_word' id='word_1_153' title='bbox 111 2588 254 2642; x_wconf 75' lang='lat' dir='ltr'><strong>Bedente.</strong></span> <span class='ocrx_word' id='word_1_154' title='bbox 261 2587 484 2641; x_wconf 76' lang='lat' dir='ltr'><strong>A.Doruturedd.</strong></span> <span class='ocrx_word' id='word_1_155' title='bbox 491 2608 521 2639; x_wconf 83' lang='lat' dir='ltr'><strong>er</strong></span> <span class='ocrx_word' id='word_1_156' title='bbox 528 2586 629 2641; x_wconf 81' lang='lat' dir='ltr'><strong>Erssmi</strong></span> <span class='ocrx_word' id='word_1_157' title='bbox 679 2589 737 2641; x_wconf 85' lang='lat' dir='ltr'><strong>edd.</strong></span> <span class='ocrx_word' id='word_1_158' title='bbox 745 2610 803 2643; x_wconf 83' lang='lat' dir='ltr'><strong>eoru</strong></span> <span class='ocrx_word' id='word_1_159' title='bbox 810 2610 836 2641; x_wconf 83' lang='lat' dir='ltr'><strong>u.</strong></span> <span class='ocrx_word' id='word_1_160' title='bbox 845 2589 987 2643; x_wconf 82' lang='lat' dir='ltr'><strong>etIl.Nam</strong></span> <span class='ocrx_word' id='word_1_161' title='bbox 998 2610 1053 2653; x_wconf 82' lang='lat' dir='ltr'><strong>vos,</strong></span> <span class='ocrx_word' id='word_1_162' title='bbox 1063 2610 1084 2643; x_wconf 84' lang='lat' dir='ltr'><strong>c.</strong></span> <span class='ocrx_word' id='word_1_163' title='bbox 1094 2592 1121 2642; x_wconf 85' lang='lat' dir='ltr'><em>A</em></span> <span class='ocrx_word' id='word_1_164' title='bbox 1124 2592 1195 2645; x_wconf 83' lang='lat' dir='ltr'><strong>.Voc.</strong></span> 
     </span>
     <span class='ocr_line' id='line_1_20' title="bbox 114 2662 1183 2741; baseline -0.002 -22"><span class='ocrx_word' id='word_1_165' title='bbox 114 2665 231 2739; x_wconf 72' lang='lat' dir='ltr'><strong>iugenio.</strong></span> <span class='ocrx_word' id='word_1_166' title='bbox 239 2662 398 2718; x_wconf 83' lang='lat' dir='ltr'><strong>S.-Sensus</strong></span> <span class='ocrx_word' id='word_1_167' title='bbox 416 2677 468 2718; x_wconf 87' lang='lat' dir='ltr'><strong>est:</strong></span> <span class='ocrx_word' id='word_1_168' title='bbox 480 2666 560 2718; x_wconf 80' lang='lat' dir='ltr'><strong>Nulla</strong></span> <span class='ocrx_word' id='word_1_169' title='bbox 571 2686 630 2719; x_wconf 88' lang='lat' dir='ltr'><strong>seu·</strong></span> <span class='ocrx_word' id='word_1_170' title='bbox 682 2678 706 2721; x_wconf 87' lang='lat' dir='ltr'><strong>et</strong></span> <span class='ocrx_word' id='word_1_171' title='bbox 717 2688 745 2721; x_wconf 83' lang='lat' dir='ltr'><strong>ox</strong></span> <span class='ocrx_word' id='word_1_172' title='bbox 758 2669 824 2739; x_wconf 77' lang='lat' dir='ltr'><strong>conj.</strong></span> <span class='ocrx_word' id='word_1_173' title='bbox 835 2667 1035 2721; x_wconf 81' lang='lat' dir='ltr'><strong>interserendam</strong></span> <span class='ocrx_word' id='word_1_174' title='bbox 1048 2669 1143 2741; x_wconf 79' lang='lat' dir='ltr'><strong>putavi.</strong></span> <span class='ocrx_word' id='word_1_175' title='bbox 1154 2669 1183 2721; x_wconf 85' lang='lat' dir='ltr'><strong>S.</strong></span> 
     </span>
     <span class='ocr_line' id='line_1_21' title="bbox 110 2742 1238 2817; baseline -0.001 -18"><span class='ocrx_word' id='word_1_176' title='bbox 110 2745 273 2810; x_wconf 80' lang='lat' dir='ltr'><strong>suomecies,</strong></span> <span class='ocrx_word' id='word_1_177' title='bbox 285 2744 380 2798; x_wconf 80' lang='lat' dir='ltr'><strong>etiarnsi</strong></span> <span class='ocrx_word' id='word_1_178' title='bbox 389 2745 511 2803; x_wconf 85' lang='lat' dir='ltr'><strong>subtilior</strong></span> <span class='ocrx_word' id='word_1_179' title='bbox 520 2756 545 2799; x_wconf 90' lang='lat' dir='ltr'><strong>e&#39;t</strong></span> <span class='ocrx_word' id='word_1_180' title='bbox 553 2742 633 2799; x_wconf 85' lang='lat' dir='ltr'><strong>inteu-</strong></span> <span class='ocrx_word' id='word_1_181' title='bbox 715 2748 738 2799; x_wconf 84' lang='lat'><strong>5.</strong></span> <span class='ocrx_word' id='word_1_182' title='bbox 752 2745 1059 2817; x_wconf 72' lang='lat' dir='ltr'><strong>Sed‚puodsecundam</strong></span> <span class='ocrx_word' id='word_1_183' title='bbox 1069 2756 1196 2799; x_wconf 83' lang='lat' dir='ltr'><strong>naturum</strong></span> <span class='ocrx_word' id='word_1_184' title='bbox 1232 2794 1238 2803; x_wconf 85' lang='lat'><strong>,</strong></span> 
     </span>
     <span class='ocr_line' id='line_1_22' title="bbox 112 2822 1197 2896; baseline 0.002 -21"><span class='ocrx_word' id='word_1_185' title='bbox 112 2823 210 2875; x_wconf 83' lang='lat' dir='ltr'><strong>tiorud</strong></span> <span class='ocrx_word' id='word_1_186' title='bbox 222 2822 309 2887; x_wconf 76' lang='lat' dir='ltr'><strong>boeii.</strong></span> <span class='ocrx_word' id='word_1_187' title='bbox 321 2824 456 2877; x_wconf 73' lang='lat' dir='ltr'><strong>eminete</strong></span> <span class='ocrx_word' id='word_1_188' title='bbox 476 2825 631 2890; x_wconf 84' lang='lat' dir='ltr'><strong>discernere)</strong></span> <span class='ocrx_word' id='word_1_189' title='bbox 681 2836 734 2891; x_wconf 88' lang='lat' dir='ltr'><strong>est,</strong></span> <span class='ocrx_word' id='word_1_190' title='bbox 746 2828 1057 2896; x_wconf 76' lang='lat' dir='ltr'><strong>quodcontigetprotinus</strong></span> <span class='ocrx_word' id='word_1_191' title='bbox 1067 2836 1197 2892; x_wconf 84' lang='lat' dir='ltr'><strong>noto,etc.</strong></span> 
     </span>
     <span class='ocr_line' id='line_1_23' title="bbox 112 2902 1198 2973; baseline 0 -19"><span class='ocrx_word' id='word_1_192' title='bbox 112 2921 194 2973; x_wconf 71' lang='lat' dir='ltr'><strong>quem</strong></span> <span class='ocrx_word' id='word_1_193' title='bbox 214 2902 349 2961; x_wconf 81' lang='lat' dir='ltr'><strong>oculorum</strong></span> <span class='ocrx_word' id='word_1_194' title='bbox 369 2902 437 2957; x_wconf 80' lang='lat' dir='ltr'><strong>ecies</strong></span> <span class='ocrx_word' id='word_1_195' title='bbox 458 2918 538 2970; x_wconf 87' lang='lat' dir='ltr'><strong>esset,</strong></span> <span class='ocrx_word' id='word_1_196' title='bbox 560 2903 632 2956; x_wconf 84' lang='lat' dir='ltr'><strong>deret</strong></span> <span class='ocrx_word' id='word_1_197' title='bbox 683 2906 727 2958; x_wconf 88' lang='lat' dir='ltr'><strong>Sic</strong></span> <span class='ocrx_word' id='word_1_198' title='bbox 740 2924 788 2957; x_wconf 88' lang='lat' dir='ltr'><strong>ms.</strong></span> <span class='ocrx_word' id='word_1_199' title='bbox 801 2926 827 2957; x_wconf 84' lang='lat' dir='ltr'><strong>n.</strong></span> <span class='ocrx_word' id='word_1_200' title='bbox 841 2905 902 2957; x_wconf 83' lang='lat' dir='ltr'><strong>item</strong></span> <span class='ocrx_word' id='word_1_201' title='bbox 911 2924 958 2956; x_wconf 90' lang='lat' dir='ltr'><strong>ms.</strong></span> <span class='ocrx_word' id='word_1_202' title='bbox 970 2924 992 2957; x_wconf 87' lang='lat' dir='ltr'><strong>e.</strong></span> <span class='ocrx_word' id='word_1_203' title='bbox 1005 2904 1072 2969; x_wconf 83' lang='lat' dir='ltr'><strong>(nisi</strong></span> <span class='ocrx_word' id='word_1_204' title='bbox 1087 2904 1156 2973; x_wconf 84' lang='lat' dir='ltr'><strong>quod</strong></span> <span class='ocrx_word' id='word_1_205' title='bbox 1170 2904 1198 2955; x_wconf 91' lang='lat' dir='ltr'><strong>in</strong></span> 
     </span>
     <span class='ocr_line' id='line_1_24' title="bbox 110 2978 1197 3053; baseline -0.001 -20"><span class='ocrx_word' id='word_1_206' title='bbox 110 2980 213 3033; x_wconf 73' lang='lat' dir='ltr'><strong>boum</strong></span> <span class='ocrx_word' id='word_1_207' title='bbox 225 2980 347 3053; x_wconf 79' lang='lat' dir='ltr'><strong>malumq.</strong></span> <span class='ocrx_word' id='word_1_208' title='bbox 361 2978 432 3053; x_wconf 75' lang='lat' dir='ltr'><strong>dign.</strong></span> <span class='ocrx_word' id='word_1_209' title='bbox 682 3003 729 3035; x_wconf 91' lang='lat' dir='ltr'><strong>ms.</strong></span> <span class='ocrx_word' id='word_1_210' title='bbox 739 3003 760 3036; x_wconf 85' lang='lat' dir='ltr'><strong>c.</strong></span> <span class='ocrx_word' id='word_1_211' title='bbox 773 2986 899 3052; x_wconf 79' lang='lat' dir='ltr'><strong>contingit</strong></span> <span class='ocrx_word' id='word_1_212' title='bbox 908 2981 1037 3048; x_wconf 80' lang='lat' dir='ltr'><strong>scribitur)</strong></span> <span class='ocrx_word' id='word_1_213' title='bbox 1048 2993 1197 3053; x_wconf 73' lang='lat' dir='ltr'><strong>excepturo-</strong></span> 
     </span>
    </p>

    <p class='ocr_par' dir='ltr' id='par_1_6' title="bbox 113 3057 1201 4241">
     <span class='ocr_line' id='line_1_25' title="bbox 149 3057 1197 3132; baseline 0 -22"><span class='ocrx_word' id='word_1_214' title='bbox 149 3058 533 3129; x_wconf 77' lang='lat' dir='ltr'><strong>u.eremudmodmn...cupere</strong></span> <span class='ocrx_word' id='word_1_215' title='bbox 540 3062 635 3120; x_wconf 82' lang='lat' dir='ltr'><strong>dicitis,</strong></span> <span class='ocrx_word' id='word_1_216' title='bbox 686 3082 713 3114; x_wconf 87' lang='lat' dir='ltr'><strong>ce</strong></span> <span class='ocrx_word' id='word_1_217' title='bbox 723 3060 787 3128; x_wconf 85' lang='lat' dir='ltr'><strong>Sed,</strong></span> <span class='ocrx_word' id='word_1_218' title='bbox 797 3081 874 3130; x_wconf 77' lang='lat' dir='ltr'><strong>qnam</strong></span> <span class='ocrx_word' id='word_1_219' title='bbox 885 3061 1036 3132; x_wconf 72' lang='lat' dir='ltr'><strong>ignorantu-</strong></span> <span class='ocrx_word' id='word_1_220' title='bbox 1044 3073 1095 3112; x_wconf 87' lang='lat' dir='ltr'><strong>etc.</strong></span> <span class='ocrx_word' id='word_1_221' title='bbox 1105 3057 1197 3130; x_wconf 83' lang='lat' dir='ltr'><strong>Adjeci</strong></span> 
     </span>
     <span class='ocr_line' id='line_1_26' title="bbox 114 3134 1198 3211; baseline 0.002 -24"><span class='ocrx_word' id='word_1_222' title='bbox 114 3134 260 3189; x_wconf 85' lang='lat' dir='ltr'><strong>Continent</strong></span> <span class='ocrx_word' id='word_1_223' title='bbox 268 3138 573 3211; x_wconf 75' lang='lat' dir='ltr'><strong>baecargumentntionem</strong></span> <span class='ocrx_word' id='word_1_224' title='bbox 580 3139 637 3211; x_wconf 86' lang='lat' dir='ltr'><strong>Epi·</strong></span> <span class='ocrx_word' id='word_1_225' title='bbox 686 3139 758 3207; x_wconf 80' lang='lat' dir='ltr'><strong>Sed,</strong></span> <span class='ocrx_word' id='word_1_226' title='bbox 774 3161 803 3192; x_wconf 82' lang='lat' dir='ltr'><strong>ex</strong></span> <span class='ocrx_word' id='word_1_227' title='bbox 818 3160 865 3191; x_wconf 86' lang='lat' dir='ltr'><strong>ms.</strong></span> <span class='ocrx_word' id='word_1_228' title='bbox 884 3140 939 3192; x_wconf 77' lang='lat' dir='ltr'><strong>Pal.</strong></span> <span class='ocrx_word' id='word_1_229' title='bbox 958 3141 986 3208; x_wconf 86' lang='lat'><strong>4,</strong></span> <span class='ocrx_word' id='word_1_230' title='bbox 1000 3158 1077 3208; x_wconf 79' lang='lat' dir='ltr'><strong>quarn</strong></span> <span class='ocrx_word' id='word_1_231' title='bbox 1095 3138 1198 3209; x_wconf 87' lang='lat' dir='ltr'><strong>quidem</strong></span> 
     </span>
     <span class='ocr_line' id='line_1_27' title="bbox 113 3216 1199 3291; baseline -0.004 -20"><span class='ocrx_word' id='word_1_232' title='bbox 113 3236 254 3271; x_wconf 79' lang='lat' dir='ltr'><strong>cursorum</strong></span> <span class='ocrx_word' id='word_1_233' title='bbox 265 3230 352 3271; x_wconf 71' lang='lat' dir='ltr'><strong>contre</strong></span> <span class='ocrx_word' id='word_1_234' title='bbox 364 3218 474 3283; x_wconf 85' lang='lat' dir='ltr'><strong>Stoicos,</strong></span> <span class='ocrx_word' id='word_1_235' title='bbox 486 3216 637 3289; x_wconf 83' lang='lat' dir='ltr'><strong>quibuscum</strong></span> <span class='ocrx_word' id='word_1_236' title='bbox 686 3218 835 3291; x_wconf 77' lang='lat' dir='ltr'><strong>perticulam</strong></span> <span class='ocrx_word' id='word_1_237' title='bbox 843 3218 1010 3273; x_wconf 73' lang='lat' dir='ltr'><strong>abesseetiam</strong></span> <span class='ocrx_word' id='word_1_238' title='bbox 1016 3217 1089 3269; x_wconf 90' lang='lat' dir='ltr'><strong>nullo</strong></span> <span class='ocrx_word' id='word_1_239' title='bbox 1097 3218 1199 3270; x_wconf 84' lang='lat' dir='ltr'><strong>iocoru-</strong></span> 
     </span>
     <span class='ocr_line' id='line_1_28' title="bbox 113 3295 1199 3370; baseline -0.001 -23"><span class='ocrx_word' id='word_1_240' title='bbox 113 3296 186 3349; x_wconf 86' lang='lat' dir='ltr'><strong>idem</strong></span> <span class='ocrx_word' id='word_1_241' title='bbox 195 3295 348 3369; x_wconf 82' lang='lat' dir='ltr'><strong>principium</strong></span> <span class='ocrx_word' id='word_1_242' title='bbox 357 3296 526 3369; x_wconf 80' lang='lat' dir='ltr'><strong>originarium</strong></span> <span class='ocrx_word' id='word_1_243' title='bbox 535 3298 637 3349; x_wconf 87' lang='lat' dir='ltr'><strong>Ethices</strong></span> <span class='ocrx_word' id='word_1_244' title='bbox 686 3295 766 3347; x_wconf 90' lang='lat' dir='ltr'><strong>modo</strong></span> <span class='ocrx_word' id='word_1_245' title='bbox 782 3295 892 3368; x_wconf 82' lang='lat' dir='ltr'><strong>potuisse</strong></span> <span class='ocrx_word' id='word_1_246' title='bbox 906 3296 1032 3370; x_wconf 80' lang='lat' dir='ltr'><strong>intelligo.</strong></span> <span class='ocrx_word' id='word_1_247' title='bbox 1051 3295 1140 3349; x_wconf 80' lang='lat' dir='ltr'><strong>Priora</strong></span> <span class='ocrx_word' id='word_1_248' title='bbox 1153 3295 1199 3347; x_wconf 78' lang='lat' dir='ltr'><strong>ista</strong></span> 
     </span>
     <span class='ocr_line' id='line_1_29' title="bbox 113 3374 1200 3447; baseline -0.001 -19"><span class='ocrx_word' id='word_1_249' title='bbox 113 3394 169 3428; x_wconf 80' lang='lat' dir='ltr'><strong>sese</strong></span> <span class='ocrx_word' id='word_1_250' title='bbox 187 3394 325 3428; x_wconf 82' lang='lat' dir='ltr'><strong>commune</strong></span> <span class='ocrx_word' id='word_1_251' title='bbox 346 3374 438 3428; x_wconf 78' lang='lat' dir='ltr'><strong>hebere</strong></span> <span class='ocrx_word' id='word_1_252' title='bbox 461 3375 567 3436; x_wconf 85' lang='lat' dir='ltr'><strong>dieunt,</strong></span> <span class='ocrx_word' id='word_1_253' title='bbox 589 3374 637 3429; x_wconf 91' lang='lat' dir='ltr'><strong>boc</strong></span> <span class='ocrx_word' id='word_1_254' title='bbox 688 3376 764 3429; x_wconf 82' lang='lat' dir='ltr'><strong>rerba</strong></span> <span class='ocrx_word' id='word_1_255' title='bbox 776 3376 1200 3447; x_wconf 80' lang='lat' dir='ltr'><strong>Quodsecundumnaturomest‚</strong></span> 
     </span>
     <span class='ocr_line' id='line_1_30' title="bbox 115 3453 1199 3525; baseline -0.004 -16"><span class='ocrx_word' id='word_1_256' title='bbox 115 3468 171 3523; x_wconf 81' lang='lat' dir='ltr'><strong>est,</strong></span> <span class='ocrx_word' id='word_1_257' title='bbox 183 3474 289 3519; x_wconf 84' lang='lat' dir='ltr'><strong>seusus,</strong></span> <span class='ocrx_word' id='word_1_258' title='bbox 303 3467 328 3506; x_wconf 82' lang='lat' dir='ltr'><strong>et</strong></span> <span class='ocrx_word' id='word_1_259' title='bbox 338 3471 394 3525; x_wconf 76' lang='lat' dir='ltr'><strong>quse</strong></span> <span class='ocrx_word' id='word_1_260' title='bbox 405 3453 466 3506; x_wconf 90' lang='lat' dir='ltr'><strong>inde</strong></span> <span class='ocrx_word' id='word_1_261' title='bbox 480 3456 635 3519; x_wconf 81' lang='lat' dir='ltr'><strong>elloruutur,</strong></span> <span class='ocrx_word' id='word_1_262' title='bbox 686 3468 780 3509; x_wconf 86' lang='lat' dir='ltr'><strong>temere</strong></span> <span class='ocrx_word' id='word_1_263' title='bbox 795 3457 887 3509; x_wconf 72' lang='lat' dir='ltr'><strong>omissa</strong></span> <span class='ocrx_word' id='word_1_264' title='bbox 902 3458 1003 3511; x_wconf 83' lang='lat' dir='ltr'><strong>suntin</strong></span> <span class='ocrx_word' id='word_1_265' title='bbox 1020 3455 1108 3508; x_wconf 81' lang='lat' dir='ltr'><strong>cdli.</strong></span> <span class='ocrx_word' id='word_1_266' title='bbox 1122 3454 1199 3506; x_wconf 73' lang='lat' dir='ltr'><strong>Plura</strong></span> 
     </span>
     <span class='ocr_line' id='line_1_31' title="bbox 114 3530 1200 3608; baseline -0.006 -20"><span class='ocrx_word' id='word_1_267' title='bbox 114 3535 133 3588; x_wconf 84' lang='lat' dir='ltr'><strong>i.</strong></span> <span class='ocrx_word' id='word_1_268' title='bbox 155 3556 178 3588; x_wconf 89' lang='lat' dir='ltr'><strong>e.</strong></span> <span class='ocrx_word' id='word_1_269' title='bbox 198 3536 349 3607; x_wconf 65' lang='lat' dir='ltr'><strong>monfisto.</strong></span> <span class='ocrx_word' id='word_1_270' title='bbox 371 3536 435 3588; x_wconf 76' lang='lat' dir='ltr'><strong>Haee</strong></span> <span class='ocrx_word' id='word_1_271' title='bbox 454 3535 637 3608; x_wconf 84' lang='lat' dir='ltr'><strong>Epicureorum</strong></span> <span class='ocrx_word' id='word_1_272' title='bbox 687 3536 763 3588; x_wconf 83' lang='lat' dir='ltr'><strong>etism</strong></span> <span class='ocrx_word' id='word_1_273' title='bbox 774 3535 865 3588; x_wconf 87' lang='lat' dir='ltr'><strong>desunt</strong></span> <span class='ocrx_word' id='word_1_274' title='bbox 878 3536 906 3588; x_wconf 91' lang='lat' dir='ltr'><strong>iu</strong></span> <span class='ocrx_word' id='word_1_275' title='bbox 918 3534 958 3594; x_wconf 78' lang='lat' dir='ltr'><strong>ed.</strong></span> <span class='ocrx_word' id='word_1_276' title='bbox 968 3538 1004 3587; x_wconf 88' lang='grc' dir='ltr'><strong>Λ.</strong></span> <span class='ocrx_word' id='word_1_277' title='bbox 1017 3535 1044 3585; x_wconf 90' lang='lat' dir='ltr'><strong>in</strong></span> <span class='ocrx_word' id='word_1_278' title='bbox 1059 3552 1107 3603; x_wconf 81' lang='lat' dir='ltr'><strong>qus</strong></span> <span class='ocrx_word' id='word_1_279' title='bbox 1118 3530 1200 3584; x_wconf 83' lang='lat' dir='ltr'><strong>verbis</strong></span> 
     </span>
     <span class='ocr_line' id='line_1_32' title="bbox 114 3610 1199 3688; baseline -0.006 -20"><span class='ocrx_word' id='word_1_280' title='bbox 114 3615 229 3687; x_wconf 83' lang='lat' dir='ltr'><strong>objectio</strong></span> <span class='ocrx_word' id='word_1_281' title='bbox 243 3636 255 3667; x_wconf 92' lang='lat' dir='ltr'><strong>e</strong></span> <span class='ocrx_word' id='word_1_282' title='bbox 267 3614 365 3667; x_wconf 75' lang='lat' dir='ltr'><strong>diverse</strong></span> <span class='ocrx_word' id='word_1_283' title='bbox 375 3615 445 3669; x_wconf 88' lang='lat' dir='ltr'><strong>vocis</strong></span> <span class='ocrx_word' id='word_1_284' title='bbox 455 3627 551 3670; x_wconf 78' lang='lat' dir='ltr'><strong>noturae</strong></span> <span class='ocrx_word' id='word_1_285' title='bbox 561 3614 637 3688; x_wconf 82' lang='lat' dir='ltr'><strong>signi·</strong></span> <span class='ocrx_word' id='word_1_286' title='bbox 686 3614 1108 3687; x_wconf 79' lang='lat' dir='ltr'><strong>superioribuspolometprotinut</strong></span> <span class='ocrx_word' id='word_1_287' title='bbox 1115 3610 1148 3663; x_wconf 82' lang='lat' dir='ltr'><strong>ad</strong></span> <span class='ocrx_word' id='word_1_288' title='bbox 1155 3610 1199 3662; x_wconf 83' lang='lat' dir='ltr'><strong>ists</strong></span> 
     </span>
     <span class='ocr_line' id='line_1_33' title="bbox 114 3692 1201 3767; baseline -0.004 -20"><span class='ocrx_word' id='word_1_289' title='bbox 114 3692 637 3767; x_wconf 66' lang='lat' dir='ltr'><strong>liestioneapudStoaesuctoresmausssc</strong></span> <span class='ocrx_word' id='word_1_290' title='bbox 688 3693 1201 3761; x_wconf 80' lang='lat' dir='ltr'><strong>statimtranscurriturprotinusnoto,etc.</strong></span> 
     </span>
     <span class='ocr_line' id='line_1_34' title="bbox 113 3772 1200 3846; baseline -0.004 -20"><span class='ocrx_word' id='word_1_291' title='bbox 113 3772 229 3826; x_wconf 77' lang='lat' dir='ltr'><strong>videtur.</strong></span> <span class='ocrx_word' id='word_1_292' title='bbox 240 3772 281 3824; x_wconf 84' lang='lat' dir='ltr'><strong>Cl.</strong></span> <span class='ocrx_word' id='word_1_293' title='bbox 289 3772 458 3825; x_wconf 79' lang='lat' dir='ltr'><strong>Tiedemsnui</strong></span> <span class='ocrx_word' id='word_1_294' title='bbox 467 3772 571 3843; x_wconf 85' lang='lat' dir='ltr'><strong>Syrtem</strong></span> <span class='ocrx_word' id='word_1_295' title='bbox 582 3772 619 3823; x_wconf 96' lang='lat' dir='ltr'><strong>lll</strong></span> <span class='ocrx_word' id='word_1_296' title='bbox 630 3809 637 3835; x_wconf 89' lang='lat'><strong>,</strong></span> <span class='ocrx_word' id='word_1_297' title='bbox 690 3774 775 3846; x_wconf 85' lang='lat' dir='ltr'><strong>Vulgo</strong></span> <span class='ocrx_word' id='word_1_298' title='bbox 785 3775 821 3827; x_wconf 87' lang='lat' dir='ltr'><strong>sic</strong></span> <span class='ocrx_word' id='word_1_299' title='bbox 832 3773 967 3832; x_wconf 82' lang='lat' dir='ltr'><strong>edebatur:</strong></span> <span class='ocrx_word' id='word_1_300' title='bbox 981 3773 1058 3842; x_wconf 82' lang='lat' dir='ltr'><strong>Quid</strong></span> <span class='ocrx_word' id='word_1_301' title='bbox 1066 3781 1106 3825; x_wconf 84' lang='lat' dir='ltr'><strong>est</strong></span> <span class='ocrx_word' id='word_1_302' title='bbox 1114 3789 1200 3823; x_wconf 81' lang='lat' dir='ltr'><strong>secuu-</strong></span> 
     </span>
     <span class='ocr_line' id='line_1_35' title="bbox 113 3850 1201 3925; baseline -0.004 -23"><span class='ocrx_word' id='word_1_303' title='bbox 113 3871 141 3925; x_wconf 89' lang='lat' dir='ltr'><strong>p.</strong></span> <span class='ocrx_word' id='word_1_304' title='bbox 157 3870 188 3921; x_wconf 79' lang='lat'><strong>79</strong></span> <span class='ocrx_word' id='word_1_305' title='bbox 199 3870 255 3922; x_wconf 86' lang='lat' dir='ltr'><strong>sqq.</strong></span> <span class='ocrx_word' id='word_1_306' title='bbox 269 3851 405 3923; x_wconf 79' lang='lat' dir='ltr'><strong>Propterea</strong></span> <span class='ocrx_word' id='word_1_307' title='bbox 417 3851 523 3924; x_wconf 78' lang='lat' dir='ltr'><strong>explicat</strong></span> <span class='ocrx_word' id='word_1_308' title='bbox 536 3850 637 3915; x_wconf 84' lang='lat' dir='ltr'><strong>Noster,</strong></span> <span class='ocrx_word' id='word_1_309' title='bbox 688 3854 754 3904; x_wconf 87' lang='lat' dir='ltr'><strong>dnm</strong></span> <span class='ocrx_word' id='word_1_310' title='bbox 772 3853 923 3906; x_wconf 77' lang='lat' dir='ltr'><strong>naturum?</strong></span> <span class='ocrx_word' id='word_1_311' title='bbox 943 3852 1014 3921; x_wconf 83' lang='lat' dir='ltr'><strong>quod</strong></span> <span class='ocrx_word' id='word_1_312' title='bbox 1033 3851 1158 3917; x_wconf 72' lang='lat' dir='ltr'><strong>contingit</strong></span> <span class='ocrx_word' id='word_1_313' title='bbox 1176 3859 1201 3899; x_wconf 81' lang='lat' dir='ltr'><strong>et</strong></span> 
     </span>
     <span class='ocr_line' id='line_1_36' title="bbox 113 3928 1200 4002; baseline -0.001 -20"><span class='ocrx_word' id='word_1_314' title='bbox 113 3929 183 3999; x_wconf 83' lang='lat' dir='ltr'><strong>quid</strong></span> <span class='ocrx_word' id='word_1_315' title='bbox 196 3929 229 3982; x_wconf 85' lang='lat' dir='ltr'><strong>sit</strong></span> <span class='ocrx_word' id='word_1_316' title='bbox 241 3930 379 3982; x_wconf 87' lang='lat' dir='ltr'><strong>secundum</strong></span> <span class='ocrx_word' id='word_1_317' title='bbox 392 3941 515 3981; x_wconf 76' lang='lat' dir='ltr'><strong>naturam.</strong></span> <span class='ocrx_word' id='word_1_318' title='bbox 533 3928 639 4001; x_wconf 85' lang='lat' dir='ltr'><strong>Epistol.</strong></span> <span class='ocrx_word' id='word_1_319' title='bbox 686 3934 806 4000; x_wconf 85' lang='lat' dir='ltr'><strong>protinus</strong></span> <span class='ocrx_word' id='word_1_320' title='bbox 822 3942 885 3984; x_wconf 82' lang='lat' dir='ltr'><strong>nato</strong></span> <span class='ocrx_word' id='word_1_321' title='bbox 900 3950 909 3982; x_wconf 90' lang='lat'><strong>.·</strong></span> <span class='ocrx_word' id='word_1_322' title='bbox 923 3951 998 4002; x_wconf 83' lang='lat' dir='ltr'><strong>quarn</strong></span> <span class='ocrx_word' id='word_1_323' title='bbox 1018 3930 1153 3982; x_wconf 85' lang='lat' dir='ltr'><strong>lectionem</strong></span> <span class='ocrx_word' id='word_1_324' title='bbox 1167 3928 1200 3980; x_wconf 78' lang='lat' dir='ltr'><strong>al&gt;</strong></span> 
     </span>
     <span class='ocr_line' id='line_1_37' title="bbox 114 4006 1200 4082; baseline -0.007 -20"><span class='ocrx_word' id='word_1_325' title='bbox 114 4025 221 4073; x_wconf 80' lang='lat' dir='ltr'><strong>mur,</strong></span> <span class='ocrx_word' id='word_1_326' title='bbox 234 4010 268 4073; x_wconf 86' lang='lat'><strong>8,</strong></span> <span class='ocrx_word' id='word_1_327' title='bbox 280 4010 316 4063; x_wconf 81' lang='lat' dir='ltr'><strong>sit</strong></span> <span class='ocrx_word' id='word_1_328' title='bbox 325 4027 331 4062; x_wconf 90' lang='lat'>:</span> <span class='ocrx_word' id='word_1_329' title='bbox 339 4032 352 4058; x_wconf 74' lang='grc' dir='ltr'><strong>α</strong></span> <span class='ocrx_word' id='word_1_330' title='bbox 362 4028 455 4081; x_wconf 76' lang='lat' dir='ltr'><strong>magna</strong></span> <span class='ocrx_word' id='word_1_331' title='bbox 467 4020 491 4061; x_wconf 89' lang='lat' dir='ltr'><strong>et</strong></span> <span class='ocrx_word' id='word_1_332' title='bbox 501 4028 559 4061; x_wconf 80' lang='lat' dir='ltr'><strong>vers</strong></span> <span class='ocrx_word' id='word_1_333' title='bbox 571 4008 639 4061; x_wconf 80' lang='lat' dir='ltr'><strong>bono</strong></span> <span class='ocrx_word' id='word_1_334' title='bbox 689 4011 796 4062; x_wconf 80' lang='lat' dir='ltr'><strong>Erasmo</strong></span> <span class='ocrx_word' id='word_1_335' title='bbox 814 4032 843 4062; x_wconf 84' lang='lat' dir='ltr'><strong>ex</strong></span> <span class='ocrx_word' id='word_1_336' title='bbox 867 4010 964 4082; x_wconf 82' lang='lat' dir='ltr'><strong>scriptis</strong></span> <span class='ocrx_word' id='word_1_337' title='bbox 986 4008 1037 4061; x_wconf 85' lang='lat' dir='ltr'><strong>suis</strong></span> <span class='ocrx_word' id='word_1_338' title='bbox 1059 4006 1200 4057; x_wconf 74' lang='lat' dir='ltr'><strong>restitutam</strong></span> 
     </span>
     <span class='ocr_line' id='line_1_38' title="bbox 113 4083 1201 4162; baseline -0.01 -18"><span class='ocrx_word' id='word_1_339' title='bbox 113 4090 152 4145; x_wconf 79' lang='lat' dir='ltr'><strong>ad</strong></span> <span class='ocrx_word' id='word_1_340' title='bbox 164 4108 375 4161; x_wconf 83' lang='lat' dir='ltr'><strong>unumquemque</strong></span> <span class='ocrx_word' id='word_1_341' title='bbox 386 4102 438 4142; x_wconf 81' lang='lat' dir='ltr'><strong>tots</strong></span> <span class='ocrx_word' id='word_1_342' title='bbox 454 4089 612 4162; x_wconf 87' lang='lat' dir='ltr'><strong>perveniunt.</strong></span> <span class='ocrx_word' id='word_1_343' title='bbox 625 4110 638 4135; x_wconf 75' lang='lat' dir='ltr'><strong>u</strong></span> <span class='ocrx_word' id='word_1_344' title='bbox 690 4108 742 4141; x_wconf 85' lang='lat' dir='ltr'><strong>csse</strong></span> <span class='ocrx_word' id='word_1_345' title='bbox 756 4090 879 4142; x_wconf 82' lang='lat' dir='ltr'><strong>Gruterus</strong></span> <span class='ocrx_word' id='word_1_346' title='bbox 891 4087 926 4139; x_wconf 79' lang='lat' dir='ltr'><strong>sit</strong></span> <span class='ocrx_word' id='word_1_347' title='bbox 937 4105 943 4138; x_wconf 92' lang='lat'>:</span> <span class='ocrx_word' id='word_1_348' title='bbox 955 4098 981 4139; x_wconf 82' lang='lat' dir='ltr'><strong>at</strong></span> <span class='ocrx_word' id='word_1_349' title='bbox 993 4088 1112 4139; x_wconf 82' lang='lat' dir='ltr'><strong>Erasmus</strong></span> <span class='ocrx_word' id='word_1_350' title='bbox 1126 4083 1201 4135; x_wconf 86' lang='lat' dir='ltr'><strong>dele-</strong></span> 
     </span>
     <span class='ocr_line' id='line_1_39' title="bbox 115 4164 1200 4241; baseline -0.006 -20"><span class='ocrx_word' id='word_1_351' title='bbox 115 4170 162 4227; x_wconf 80' lang='lat' dir='ltr'><strong>Cf.</strong></span> <span class='ocrx_word' id='word_1_352' title='bbox 172 4168 252 4241; x_wconf 83' lang='lat' dir='ltr'><strong>Epist.</strong></span> <span class='ocrx_word' id='word_1_353' title='bbox 262 4182 352 4221; x_wconf 76' lang='lat' dir='ltr'><strong>Lxxlv.</strong></span> <span class='ocrx_word' id='word_1_354' title='bbox 363 4168 452 4221; x_wconf 71' lang='lat' dir='ltr'><strong>Roth.</strong></span> <span class='ocrx_word' id='word_1_355' title='bbox 690 4184 755 4222; x_wconf 83' lang='lat' dir='ltr'><strong>ctam</strong></span> <span class='ocrx_word' id='word_1_356' title='bbox 768 4169 887 4222; x_wconf 86' lang='lat' dir='ltr'><strong>editionis</strong></span> <span class='ocrx_word' id='word_1_357' title='bbox 901 4170 936 4222; x_wconf 83' lang='lat' dir='ltr'><strong>ll.</strong></span> <span class='ocrx_word' id='word_1_358' title='bbox 951 4169 1099 4241; x_wconf 74' lang='lat' dir='ltr'><strong>scripturam</strong></span> <span class='ocrx_word' id='word_1_359' title='bbox 1110 4164 1200 4226; x_wconf 88' lang='lat' dir='ltr'><strong>tenuit,</strong></span> 
     </span>
    </p>

    <p class='ocr_par' dir='ltr' id='par_1_7' title="bbox 153 4244 1201 4319">
     <span class='ocr_line' id='line_1_40' title="bbox 153 4244 1201 4319; baseline -0.003 -21"><span class='ocrx_word' id='word_1_360' title='bbox 153 4246 264 4301; x_wconf 58' lang='lat' dir='ltr'><strong>&amp;Erat</strong></span> <span class='ocrx_word' id='word_1_361' title='bbox 273 4244 411 4300; x_wconf 80' lang='lat' dir='ltr'><strong>eoAberst</strong></span> <span class='ocrx_word' id='word_1_362' title='bbox 420 4246 499 4319; x_wconf 78' lang='lat' dir='ltr'><strong>vulgo</strong></span> <span class='ocrx_word' id='word_1_363' title='bbox 508 4247 637 4313; x_wconf 63' lang='lat' dir='ltr'><strong>obmule,</strong></span> <span class='ocrx_word' id='word_1_364' title='bbox 690 4245 1201 4319; x_wconf 78' lang='lat' dir='ltr'><strong>nequesliudquidquamsdbuuclocurn</strong></span> 
     </span>
    </p>
   </div>
   <div class='ocr_carea' id='block_1_4' title="bbox 0 0 1491 4934">
    <p class='ocr_par' dir='ltr' id='par_1_8' title="bbox 0 0 1491 4934">
     <span class='ocr_line' id='line_1_41' title="bbox 0 0 1491 4934; baseline 0 0"><span class='ocrx_word' id='word_1_365' title='bbox 0 0 1491 4934; x_wconf 95' lang='lat' dir='ltr'><strong> </strong></span> 
     </span>
    </p>
   </div>
  </div>
 </body>
</html>
