2950 4934
399 461 661 532 EPISTOLA
686 463 770 530 Cll.
1062 470 1123 561 '75

79 598 137 664 lacit
147 596 321 688 injuriam3
340 596 512 664 revocavit
529 595 620 664 enim
635 617 707 676 me,
723 594 922 686 cogitationi
937 600 1037 687 aptae¹
1055 611 1122 663 tra-

78 713 184 794 ditam,
216 725 250 778 et
283 713 433 792 iturum,
468 699 496 778 ii
523 710 698 793 licuisset,
732 711 886 778 ulterius.
914 711 1058 780 lavabat
1081 714 1125 778 de

81 829 278 896 AEtamitote²
307 833 494 896 enimenim
524 850 705 919 quaerere,
730 828 799 894 imo
820 826 1032 896 mehercules
1054 854 1125 898 cre·

81 942 142 1011 dere
156 971 163 1010 ε
178 944 356 1014 credebam
373 946 465 1012 enim
480 969 532 1012 me
552 936 672 1013 facile³
687 944 906 1037 opinionibus
925 967 1124 1039 magnorum

79 1063 222 1146 virorum,
243 1087 316 1130 rem
339 1063 562 1156 gratissimam
586 1063 853 1155 promittentium
877 1065 1002 1153 magis,
1024 1087 1125 1154 quam

76 1176 279 1264 probantium.
307 1178 438 1246 Dabam
463 1201 516 1246 me
535 1180 607 1270 spei
632 1193 731 1246 tantae
757 1203 764 1244 :
787 1178 858 1270 jam
878 1201 970 1246 eram
991 1179 1125 1246 fastidio
1152 1211 1166 1243 ι

77 1293 158 1377 mihi;
168 1295 236 1387 jam
249 1295 414 1386 reliquias
429 1298 535 1362 aetatis
548 1295 700 1364 infractae
715 1296 991 1374 contemnebam,
1009 1298 1045 1364 in
1059 1299 1125 1364 im·
1238 1376 1240 1379 ¹

77 1411 298 1479 mensumillud
309 1427 452 1504 tempus,
470 1426 504 1478 et
516 1413 552 1478 in
563 1413 807 1505 possessionem
818 1414 996 1482 omnisaevi
1011 1429 1122 1481 nans·

79 1527 185 1610 iturus,
215 1553 320 1620 quum
348 1528 458 1596 subito
483 1545 698 1622 experrectus
722 1554 795 1597 sum
819 1530 962 1622 epistola
988 1545 1045 1597 tua
1067 1553 1126 1597 ac-

77 1655 170 1730 cepta,
190 1656 224 1710 et
244 1657 310 1709 tam
329 1641 455 1710 bellum
479 1645 644 1712 somnium
664 1643 814 1737 perdidi.
832 1641 936 1734 Quod
950 1658 1123 1737 repetam,

78 1756 98 1819 si
112 1773 140 1824 te
156 1757 333 1840 dimisero,
355 1773 388 1826 et
405 1759 581 1827 redimam.

114 1873 212 1964 Negat
233 1895 286 1937 me
311 1871 454 1964 epistola
478 1859 609 1964 prima⁴
640 1887 742 1940 totam
766 1874 986 1964 quaestionem
1014 1872 1127 1965 expli·
1152 1892 1169 1946 3

79 1985 185 2067 ruisse,
205 1987 243 2052 in
260 2009 328 2078 qua
344 1985 489 2079 probare
508 1985 655 2055 conabar
670 1986 724 2071 id,
745 1987 838 2078 quod
855 1988 978 2056 nostris
997 1987 1125 2080 placet,
1235 2031 1239 2039 ,

81 2101 294 2198 «claritatem,
315 2127 391 2196 quae
408 2105 849 2210 Quemcontingit,
870 2105 1125 2174 bonumeam.»
1160 2144 1165 2156 ·

78 2216 109 2284 ld
121 2221 201 2288 enim
215 2245 269 2289 me
282 2243 351 2288 non
367 2219 516 2300 solvisse,
533 2219 624 2312 quod
636 2221 822 2312 opponitur
834 2219 932 2287 nobis
947 2245 955 2283 ε
968 2219 1127 2304 Nullum,

79 2335 239 2428 inquiunt,
258 2337 385 2404 bonum
402 2360 441 2404 ex
457 2329 694 2423 distantibus⁵;
713 2335 779 2402 hoe
789 2350 902 2403 autem
917 2359 957 2402 ex
972 2335 1129 2404 distanti-

78 2449 129 2519 bus
150 2469 287 2522 constat.
306 2491 358 2504 -
375 2451 479 2544 Quod
497 2445 724 2544 interrogas⁶,
749 2453 793 2519 mi
812 2451 948 2530 Lucili,
978 2451 1129 2542 ejusdem

79 2571 255 2656 questionis
273 2583 343 2648 est,
370 2567 436 2634 loci
461 2567 620 2654 alterius3
646 2583 681 2634 et
701 2566 779 2634 ideo
799 2591 869 2634 non
892 2566 958 2634 hoc
977 2583 1126 2649 tantum,

77 2683 126 2750 sed
140 2685 200 2754 alia
218 2709 357 2779 quoque
385 2683 504 2752 eodem
532 2683 761 2775 pertinentia,
784 2681 995 2751 distuleram.
1024 2683 1131 2775 Quae-

107 2922 245 2988 1.Aptoe.1.
259 2922 369 2975 invicem
383 2939 461 2974 nem.
471 2919 571 2994 Lipsius
622 2920 665 2973 Sic
677 2933 735 2973 rstt·
746 2920 813 2975 libri.
824 2921 913 2990 Negas
925 2921 982 2974 edd.
995 2943 1023 2975 ss
1032 2921 1130 2975 Erasmi

77 2997 179 3051 emendat
190 3003 260 3052 nita.
272 2999 362 3051 Rublt.
619 2999 733 3072 ingenio.
752 2998 803 3051 Alii
821 3011 901 3069 neget.
915 2999 996 3054 Sele.
1007 3030 1040 3042 -
1053 3002 1132 3053 Ruh-

101 3076 571 3144 stbatdeoetemitate...p1aban-
619 3071 717 3148 loplius
732 3075 776 3145 qui
790 3075 870 3129 edidit
886 3069 966 3147 neges
983 3078 1019 3131 sic
1033 3077 1065 3130 de
1084 3077 1131 3132 hac

75 3153 136 3203 liuns
147 3154 215 3226 Seps
226 3154 280 3226 jam
290 3154 413 3216 vidimus,
426 3165 571 3205 nutareno·
621 3152 724 3226 epistola
745 3153 826 3224 prima
844 3153 943 3206 disserit
958 3172 965 3206 ι
980 3154 1080 3228 Lipsius
1099 3157 1131 3208 de

74 3241 129 3280 unm
146 3249 218 3304 snper
234 3231 282 3284 lise
301 3251 346 3297 ra,
366 3243 390 3283 st
405 3229 471 3283 relle
490 3230 570 3302 magis
621 3230 724 3306 epistola
736 3230 1069 3304 Senecaeintelligit,quam
1079 3231 1132 3306 ipse

77 3323 139 3373 qnam
158 3309 268 3362 credere.
287 3309 348 3380 Egit
363 3308 393 3361 ds
412 3307 460 3361 ltoc
472 3307 570 3379 Lipsius
621 3309 763 3362 observavit
772 3329 825 3362 non
837 3321 939 3364 exstars.
949 3309 1065 3365 Fortasse
1077 3316 1133 3381 epi-

77 3377 176 3455 Pbysiol.
189 3386 260 3438 stoic.
280 3385 338 3447 Ill,
360 3405 397 3437 ιι.
420 3384 459 3435 Gi.
481 3381 571 3434 Conaii
620 3391 689 3440 stola
702 3390 791 3454 prima
809 3401 845 3441 est
864 3388 933 3462 prior
950 3402 999 3443 tuas
1020 3390 1132 3464 epistolas

77 3458 272 3532 abhandlungen
279 3481 353 3534 snpra
361 3460 427 3513 laud.
439 3481 462 3532 p.
473 3477 506 3529 90
516 3478 570 3530 sqq.
620 3484 689 3534 pars,
705 3461 734 3515 in
747 3483 795 3534 qua
810 3465 921 3519 Lucilius
940 3467 1063 3541 explicare
1080 3490 1133 3522 vo-

78 3533 187 3592 laetemm
203 3540 272 3594 idem
292 3559 377 3613 passus
389 3539 506 3610 estquod
523 3538 571 3592 Ci·
619 3539 683 3606 luit,
695 3552 743 3594 ste.
753 3542 791 3593 lta
802 3543 895 3596 referas
908 3543 941 3596 sd
952 3564 1033 3614 negas
1043 3547 1079 3599 sir·
1094 3547 1135 3598 Id

76 3618 302 3689 ttrs'luseQul,
318 3617 571 3688 rrtaNescioquo-
620 3621 688 3671 enim
700 3623 927 3673 nscnonsoloisse.
941 3621 1033 3675 Ruta.

77 3693 140 3746 noto
150 3735 158 3761 ,
170 3696 229 3750 dum
243 3699 318 3769 lego,
331 3695 451 3749 ementior
467 3712 474 3748 ε
490 3711 571 3765 quum
654 3697 734 3750 5.E:r
740 3699 899 3751 distantibus
913 3737 920 3764 ,
932 3697 949 3750 i.
959 3719 1069 3768 quorum
1078 3719 1132 3774 par·

77 3771 136 3838 poni
152 3773 243 3828 librum
260 3789 287 3828 at
298 3793 399 3827 meeum
411 3772 506 3845 ipseda
517 3771 572 3822 iin-
621 3775 1076 3846 tesseparattssunt.1l.-Cl.inlra
1089 3777 1134 3847 §5

77 3851 211 3906 annalista
222 3853 367 3906 animorum
379 3852 442 3925 eoepi
453 3851 571 3922 cogitare,
624 3852 708 3916 (stibi
722 3866 774 3906 not·
788 3853 836 3919 4);
852 3853 922 3925 cujus
932 3853 982 3908 loci
991 3853 1133 3926 Lagi-ange

77 3928 175 3980 mensio
186 3930 270 3983 omnis
280 3930 325 3983 ills
339 3929 469 3982 elabitur.»
482 3927 571 3980 Ruit.
622 3928 713 3982 oblitus
725 3929 799 3982 vertit
810 3929 937 3984 :Distant
946 3934 978 3984 de
989 3952 1062 3987 nous.

102 4005 123 4055 3·
135 4008 271 4079 Mesurile.
284 4008 328 4062 Sic
339 4025 427 4061 omnes
436 4007 487 4059 lars
497 4004 571 4059 codd.
653 4003 677 4056 6.
696 4002 778 4075 Quod
785 4008 957 4077 interrogas...
970 4013 1078 4063 allerias
1091 4030 1099 4063 .·
1116 4012 1133 4062 i.

77 4093 200 4138 stastnstae
211 4086 268 4142 edd.
279 4089 362 4139 Antea
371 4084 426 4136 sine
438 4103 444 4137 :
455 4103 504 4138 me.
515 4085 550 4138 Ii.
622 4103 643 4135 e.
656 4083 687 4136 sd
699 4085 814 4137 camdem
825 4084 991 4156 questionem
1008 4089 1132 4161 pertinet,

101 4161 121 4222 4,
138 4161 225 4232 Negat
241 4183 284 4217 me
300 4165 412 4233 epistula
421 4165 521 4232 prima.
537 4162 573 4228 (l.
622 4161 706 4214 sedin
719 4164 797 4216 alters
812 4162 944 4236 disciplina
956 4166 990 4229 ,i.
1002 4166 1061 4219 sin
1078 4169 1134 4219 Lo-

76 4238 196 4293 cinitinrn
202 4241 505 4317 tuaeepistolaeuegatms‚
514 4243 573 4310 ete.)
624 4241 681 4313 gira
693 4253 818 4294 tractatur.
832 4240 923 4292 Ruta.
