2950 4934
221 468 465 539 rnrsron.
492 464 747 539 snorcoa.
774 467 872 537 mo.
896 469 950 536 11.
1054 424 1142 562 σιξ

47 598 145 679 aliquo
158 608 317 677 apparente
329 618 339 655 r
355 622 371 650 ιι
381 596 504 657 deeurm
514 617 656 658 annorum
668 616 759 677 quarm
769 594 864 656 sidera
880 594 917 655 ad
931 592 1064 655 eumdem
1076 594 1127 655 lo·

45 726 113 763 cnm
126 704 263 777 veniant,
281 703 449 778 dnasuain,
460 729 475 756 ι
491 701 522 762 id
539 714 582 763 est
601 701 813 763 «Evemionem
831 722 927 762 rernm
945 702 1024 778 fieri,
1040 714 1126 785 atque

45 811 76 871 id
89 832 156 871 esse
168 810 309 894 Magnum
323 832 448 882 annum;
464 811 628 892 iterumque
643 822 710 892 poet
725 796 789 871 eam
803 810 866 870 fieri
883 810 1125 891 Apoeatastasim,

45 920 107 977 sive
122 916 409 1001 Redintegrationem
429 936 527 977 remm
548 928 578 977 et
599 916 833 977 Rnnmnonem.
848 942 863 970 ιι
881 916 953 991 Quis
968 928 1066 977 autem
1080 917 1129 978 ille

45 1023 173 1106 Magnus
188 1045 298 1097 annus,
314 1035 343 1085 et
357 1036 429 1105 quot
441 1044 581 1083 annorum
596 1022 739 1097 millium,
754 1024 867 1083 variant
887 1046 897 1081 r
916 1024 946 1082 in
967 1021 1045 1083 Julio
1061 1024 1130 1084 Fir-

44 1131 122 1189 mico
136 1130 204 1189 huic
217 1130 261 1189 rei
272 1128 330 1212 legi
340 1130 405 1189 iata.
417 1128 553 1211 Disputat
566 1127 603 1189 de
614 1128 662 1190 die
672 1128 784 1203 Natali,
796 1130 858 1189 sive
867 1129 997 1211 genitura
1008 1122 1128 1205 Mundi,

45 1249 74 1296 et
88 1248 180 1319 negat
196 1263 211 1291 ιι
224 1236 303 1297 facili
323 1258 407 1319 posse
424 1238 535 1297 ratione
549 1236 684 1318 concipi,
706 1248 756 1297 ant
776 1236 924 1319 explicari.
941 1234 1017 1309 Nec,
1035 1236 1131 1317 inquit

44 1342 116 1425 (lib.
133 1339 213 1425 ΙΙΙ),
229 1365 355 1426 eousque
366 1365 398 1404 se
410 1345 535 1405 intentio
543 1344 638 1425 potuit
648 1342 779 1404 humanae
790 1342 949 1427 fragilitatis
961 1342 1127 1419 extendere,

44 1450 204 1530 presertim
215 1472 305 1531 quum
316 1447 510 1511 treoerltorum
519 1450 643 1511 millium
653 1472 794 1511 annorum
803 1451 896 1529 major
908 1454 1127 1524 ἀποκατάστασις,

44 1556 100 1615 hoc
119 1568 183 1631 est,
195 1554 428 1640 Redintegratio,
444 1579 498 1639 per
507 1549 677 1641 ἐκπύρωσιν,
693 1568 744 1616 aut
753 1577 806 1638 per
821 1558 1021 1639 Karaalocpo'u,
1035 1558 1128 1639 spatio

43 1663 221 1745 perficiatur.
239 1663 295 1723 His
314 1665 394 1725 enim
411 1664 524 1725 duobus
541 1665 694 1747 generibus
709 1664 993 1745 Apocataetasisfieri
1005 1684 1131 1724 consue-

44 1772 87 1831 vit
93 1796 103 1843 ;
127 1792 253 1853 namque
272 1770 461 1832 Exustionem
485 1773 635 1832 Diluvinm
654 1772 794 1853 sequitur.
819 1770 905 1830 Nulla
930 1770 1007 1831 enim
1023 1792 1055 1831 re
1074 1770 1130 1830 alia

44 1888 182 1957 poterant
202 1898 249 1937 res
269 1891 375 1942 exuste
398 1875 529 1952 renasci,
548 1900 603 1939 nec
617 1877 677 1937 ulla
689 1899 722 1937 re
739 1876 795 1937 alia
809 1877 847 1937 ad
861 1877 1012 1959 pristinam
1027 1876 1129 1937 facicm

44 1983 227 2066 formamque
242 1986 386 2058 revocari,
402 1986 459 2043 nisi
481 1984 671 2045 admixtiones
691 1996 778 2065 atque
799 1995 948 2043 concretus
969 1982 1129 2045 favillarum

44 2092 144 2171 pulvis
155 2092 285 2151 omnium
301 2092 468 2175 genitalium
484 2093 631 2153 seminum·
639 2090 788 2152 collectam
805 2093 970 2173 conciperet
986 2090 1132 2151 foecundi·-

46 2210 148 2257 tatem.
163 2224 177 2250 ιι
191 2197 236 2257 De
245 2197 353 2281 Magno
367 2221 443 2258 anno
455 2198 513 2258 illic
522 2198 603 2258 vides
614 2197 696 2281 (nam
710 2199 766 2257 alia
782 2196 896 2281 differo)
908 2241 916 2272 ‚
928 2218 997 2258 anne
1010 2220 1130 2282 magno,

46 2317 76 2363 et
91 2332 108 2359 ιι
119 2316 314 2366 trecentorum
332 2306 455 2367 millium
472 2328 631 2381 annorum,
643 2332 658 2359 ιι
676 2307 804 2367 silentio
824 2318 867 2367 est
881 2318 969 2367 recta.
989 2304 1133 2387 Equidem

46 2413 193 2486 variant¹,
209 2425 242 2473 ut
256 2410 318 2471 dixi
330 2435 338 2469 ι
352 2424 381 2471 ct
393 2412 575 2485 Macrobius,
591 2413 642 2493 qui
656 2410 771 2473 Annum
782 2411 962 2473 Moridunum
974 2414 1044 2473 scite
1056 2412 1133 2472 huno

47 2518 192 2600 appellat,
203 2532 236 2579 ut
243 2541 425 2580 communem
438 2533 567 2581 nostrum
578 2520 675 2594 illum,
690 2519 840 2591 Solarem‚·
851 2520 1031 2595 Macrobius,
1048 2519 1129 2595 dico,

48 2652 64 2678 ιι
78 2624 246 2706 quindecim
267 2626 394 2686 millibus
406 2653 421 2679 ιι
445 2647 514 2686 etam
525 2626 635 2687 definit.
651 2626 825 2685 Censorinus
838 2628 993 2686 sententias
1005 2628 1131 2707 plurium

45 2729 156 2803 refert,
166 2731 218 2794 aed
231 2730 354 2805 duomm
366 2734 417 2814 qui
430 2710 555 2792 maxime
567 2744 688 2816 augent,
705 2759 718 2784 ιι
728 2730 854 2813 Orphei,
869 2732 904 2792 ad
918 2744 1033 2792 cannam
1043 2734 1133 2795 millia

45 2838 169 2919 viginti3
188 2837 356 2913 Cassandri,
379 2838 416 2898 ad
437 2839 533 2902 tricies
548 2840 641 2897 sexies
659 2851 781 2898 centena
797 2838 896 2899 millia.
912 2865 926 2892 ιι
943 2836 1023 2900 Bono
1036 2841 1132 2899 animo

45 2947 159 3014 simns;
174 2948 316 3029 ixndpnm
331 2966 390 3005 non
404 2945 586 3019 videbimus,
604 2947 666 3005 istis
683 2945 800 3026 quidem
812 2938 978 3006 'auctoribus
991 2970 999 3006 r
1013 2948 1064 3008 sed
1079 2968 1132 3008 nec
1177 2936 1181 2944 ¹

46 3049 176 3109 Firmino
188 3052 220 3109 in
233 3074 291 3133 quo
308 3077 322 3104 ιι
333 3052 450 3132 triginta
461 3050 585 3109 millimn
593 3077 608 3103 ιι
624 3049 721 3133 legere
733 3051 889 3132 aliquando
901 3052 995 3127 volui,
1011 3054 1064 3113 scd
1078 3052 1134 3113 de-

44 3158 131 3215 sisto.
146 3156 221 3217 Nam
233 3170 263 3217 et
275 3159 307 3217 in
320 3156 463 3217 Numenio
477 3169 537 3232 est,
554 3154 614 3216 hac
629 3157 693 3217 fieri
707 3202 716 3233 ,
734 3184 749 3211 ιι
767 3170 831 3239 post
845 3158 979 3240 periodos
994 3160 1132 3241 quasdam
1265 3186 1269 3197 ¹

45 3262 203 3323 Maximus.
217 3289 232 3315 ιι
249 3262 285 3322 ln
297 3263 424 3343 Didymo
440 3307 449 3336 ,
467 3290 481 3317 ιι
496 3261 631 3343 periodon
647 3263 784 3323 infinitas.
799 3290 814 3317 ιι
830 3264 922 3339 Quam
938 3286 1060 3327 vacuum
1076 3290 1133 3327 au-

44 3381 130 3441 tem,
141 3369 228 3430 immo
239 3370 371 3451 ineptum
383 3412 393 3441 ,
406 3370 460 3430 ista
476 3369 615 3445 definire,
628 3391 691 3451 quac
702 3371 781 3431 nulla
794 3374 990 3453 experientia,
1003 3387 1053 3434 aut
1060 3377 1132 3435 ratio

44 3478 186 3548 affirmet,
203 3488 253 3535 aut
266 3475 402 3559 indaget?
416 3476 487 3535 Tam
499 3475 646 3550 heroides,
662 3500 749 3559 quam
760 3479 839 3559 quod
851 3482 936 3540 etiam
949 3482 1009 3541 oeli
1024 3494 1129 3541 statum

45 3596 81 3643 et
102 3582 187 3663 signa
207 3595 329 3656 notent,
353 3582 457 3663 quibus
475 3581 534 3642 heo
551 3596 697 3644 eventura.
717 3584 914 3647 chaldeorum
931 3590 984 3647 ista
999 3590 1129 3649 vanitasr

48 3716 65 3743 ιι
81 3699 110 3747 et
124 3686 262 3761 Berosus,
278 3689 329 3769 qui
343 3687 445 3748 Belum
458 3690 659 3771 interpretatus
674 3704 718 3751 eet
730 3690 786 3775 (ait
799 3692 923 3767 Seneca,
938 3694 1042 3769 Quaest.
1061 3695 1129 3769 ΙΙΙ,

46 3817 117 3876 cap.
135 3794 212 3879 29),
230 3795 302 3855 dicit
315 3816 401 3855 cursu
414 3796 469 3855 ista
486 3796 612 3856 siderum
628 3798 708 3872 ficri,
725 3812 754 3858 et
770 3798 842 3859 adeo
858 3801 976 3882 quidem
992 3804 1128 3875 affirmat,

46 3913 84 3961 ut
101 3899 323 3983 Confingrationi
342 3915 429 3983 atque
440 3901 559 3963 Diluvio
572 3914 686 3986 tempus
699 3906 834 3988 assignet.
854 3909 960 3967 Araura
974 3910 1050 3967 enim
1067 3920 1131 3967 ter-

45 4029 122 4071 rena
135 4008 302 4082 contendit,
320 4008 437 4091 quando
450 4011 547 4069 omnia
560 4009 654 4071 sidera
667 4014 698 4071 in
711 4012 821 4073 Cancro
835 4016 1023 4093 convenient;
1041 4018 1130 4076 inun-

83 4236 206 4305 utquid
216 4245 241 4289 ct
249 4240 275 4289 ia
286 4239 377 4291 Stobaei
386 4239 484 4309 Phyric.
495 4240 560 4292 vide.
