2950 4934
249 419 250 424 ’
324 445 368 516 9⁰
619 422 660 487 L.
685 415 865 487 ANNAEI
889 415 1107 487 SENECAE

323 567 383 618 aut
399 551 634 644 interrogare,
656 549 784 646 pacare?
800 547 915 636 Adeo,
937 550 1039 620 etiam
1062 548 1306 636 ementiore,
1326 554 1402 648 ipsa

322 667 449 742 veritae
468 665 576 734 ducit.
590 665 628 735 Si
647 666 840 741 reverentia
859 665 978 734 fraenat
995 667 1128 734 animoa
1145 668 1285 735 aetitia
1303 691 1398 737 oom-

263 805 297 872 44
322 784 451 878 pescit,
468 806 532 852 cur
544 805 615 852 non
630 798 665 852 ot
676 780 865 852 admonitio
879 780 970 851 idem
984 783 1115 877 possiti
1129 783 1166 852 si
1179 783 1325 876 imponit
1337 807 1403 878 pu·

322 898 443 968 dorem
466 897 663 991 oastigatio,
692 921 756 966 our
780 895 968 967 admonitio
990 922 1062 966 non
1085 897 1212 982 faciat,
1241 899 1343 967 etiam
1370 901 1400 967 si

321 1015 423 1087 nudie
441 1016 622 1111 praeoeptia
638 1015 776 1084 utitur?
791 1015 857 1086 Illa
867 1039 949 1086 vero
962 1016 1136 1086 efficacior
1150 1030 1222 1100 eat,
1243 1031 1278 1084 et
1296 1016 1400 1086 altius

319 1147 499 1229 penetrat,
521 1155 597 1225 quaa
620 1130 761 1226 adjuvat
775 1134 908 1202 ratione
927 1131 1020 1225 quod
1036 1132 1217 1227 praecipit3
1236 1156 1315 1226 que
1330 1133 1400 1203 ad-

316 1249 417 1341 jicit,
440 1271 548 1340 quare
572 1247 725 1341 quidque
745 1247 940 1318 faciendum
963 1250 1026 1332 eit,
1054 1263 1090 1316 et
1114 1249 1191 1342 quie
1215 1248 1398 1319 facientem

320 1364 605 1460 obedientemque
622 1367 802 1461 praeceptis
825 1367 956 1436 fructus
974 1381 1160 1463 exspectet.
1187 1367 1224 1437 si
1250 1369 1398 1462 imperio

319 1485 519 1580 proficitur,
545 1499 580 1554 et
603 1483 837 1555 admonitione
863 1511 871 1552 :
899 1487 995 1579 atqui
1021 1485 1202 1580 proficitur
1225 1487 1395 1580 imperi03

261 1617 295 1684 45
320 1625 403 1694 ergo
418 1617 454 1670 et
465 1601 711 1672 admonitione.
731 1604 773 1670 ln
791 1598 876 1671 duas
891 1607 1021 1698 partes¹
1039 1603 1148 1674 virtm
1163 1602 1342 1689 dividitur,
1359 1604 1397 1672 in

319 1722 640 1816 contemplationem
667 1721 767 1807 veri,
794 1736 830 1790 et
853 1719 1046 1809 actionem3
1075 1721 1397 1816 contemplationem

318 1833 488 1904 institutio
504 1832 632 1921 tradit,
650 1835 820 1905 actionem
838 1832 1040 1903 admonitio.
1058 1837 1230 1907 Virtutem
1246 1851 1282 1905 et
1297 1860 1398 1906 exer-

318 1968 393 2036 cet,
419 1967 455 2022 et
477 1951 626 2023 ostendit
651 1967 746 2022 recta
771 1950 861 2022 aetio
889 1977 898 2018 t
928 1966 1047 2021 acturo
1063 1967 1178 2021 antem
1202 1952 1232 2020 ei
1255 1948 1397 2047 prodeat

318 2071 379 2162 qui
396 2065 536 2152 suadet,
559 2087 614 2153 et,
631 2071 692 2161 qni
710 2084 849 2154 monet,
867 2066 1035 2162 proderit.
1049 2072 1142 2164 Ergo
1156 2070 1184 2138 ti
1198 2084 1292 2138 recta
1303 2071 1395 2140 actio

316 2187 437 2255 virtuti
458 2187 649 2255 necessaria
671 2202 742 2272 est,
765 2201 876 2256 rectae
900 2201 1015 2256 antem
1032 2187 1185 2255 actiones
1206 2184 1396 2256 admonitio

318 2303 543 2389 demonstran
564 2318 599 2373 et
614 2303 802 2374 admonitio
819 2305 1010 2374 necessaria
1025 2319 1090 2372 eat.
1108 2305 1194 2373 Duae
1211 2326 1267 2373 ree
1280 2304 1396 2398 pluri-

315 2445 408 2492 mum
427 2420 562 2490 roboris
577 2421 691 2491 animo
704 2419 807 2507 dant,
827 2421 915 2492 fidet
930 2421 1023 2507 veri,
1038 2435 1074 2489 et
1089 2416 1218 2490 fiducia
1236 2446 1245 2486 t
1261 2435 1394 2490 utram-

257 2555 293 2623 4t
314 2563 383 2633 que
401 2537 588 2608 admonitio
605 2539 700 2609 facit.
717 2543 804 2609 Nam
819 2555 854 2609 et
866 2533 1020 2610 creditur
1036 2537 1110 2627 illi3
1126 2553 1179 2624 et,
1196 2562 1302 2632 quum
1316 2562 1396 2608 ore·
1454 2631 1459 2640 ἱ

315 2651 424 2721 ditum
443 2667 495 2723 eat
507 2703 521 2741 ,U
540 2677 681 2747 magnos
703 2655 839 2725 animus
860 2653 1002 2749 spiritua
1026 2653 1179 2747 concipit
1201 2677 1242 2722 ac
1264 2652 1395 2722 fiducia

314 2769 478 2865 impletur
490 2797 499 2837 ι
511 2792 595 2864 ergo
608 2768 797 2840 admonitio
810 2794 882 2839 non
894 2786 946 2840 eat
958 2792 1181 2866 supervacua.
1197 2773 1248 2841 M.
1265 2772 1397 2868 Agrip-

314 2891 398 2982 pa²‚
418 2889 472 2957 vir
484 2887 639 2982 ingentis
656 2888 781 2970 animi,
808 2889 870 2981 qui
893 2888 986 2958 solua
1006 2913 1047 2958 ex
1069 2888 1147 2975 his,
1168 2912 1253 2982 quoa
1277 2890 1398 2962 civilia

314 3002 405 3074 bella
417 3004 527 3073 claros
537 3019 762 3099 potentesque
772 2983 945 3090 iecerunt,
961 3005 1088 3076 felixia
1096 3006 1274 3102 publicum
1287 3001 1390 3091 'fain
1470 3012 1471 3017 ’

314 3115 430 3188 dicere
442 3117 573 3189 solebat
584 3169 597 3206 ,
613 3119 758 3190 multum
770 3144 807 3189 se
819 3121 903 3192 huie
916 3120 1044 3192 debere
1055 3122 1255 3208 sententiaa:
1272 3147 1289 3186 a
1302 3122 1394 3192 Nam

348 3355 370 3388 r.
388 3333 426 3388 Ira
441 3337 511 3390 duas
521 3345 619 3408 partes·
630 3337 693 3392 Haee
706 3349 743 3392 est
757 3337 826 3391 δίου
876 3337 932 3391 viro
939 3337 1395 3412 hoeproestantissimol’fflstoindu

312 3417 420 3487 divitia,
434 3437 512 3490 quam
524 3437 589 3494 stepe
602 3419 709 3494 explicat
718 3419 825 3483 Noster,
875 3417 985 3469 l’Aeod.
1002 3416 1049 3468 des
1060 3415 1186 3486 Inscript.
1196 3413 1257 3469 vot.
1274 3417 1336 3483 xl..
1356 3417 1390 3484 37

313 3517 336 3548 e.
347 3516 368 3550 e.
380 3495 412 3549 de
425 3495 487 3550 Vita
499 3495 570 3550 Beat.
588 3497 630 3564 31,
646 3495 741 3560 3a,ol.
751 3514 827 3570 supra
874 3511 930 3566 sqq.
942 3493 1035 3547 notk.

312 3574 346 3628 ad
367 3576 390 3645 ς.
410 3595 450 3630 aa.
472 3575 565 3650 attigit
581 3571 650 3629 hane
671 3575 826 3629 divisionem
908 3571 1395 3643 3.Fe1iaeinpub1icumsuit.lagm

313 3651 413 3725 Lipsius
425 3653 453 3706 in
465 3653 572 3706 ltlanud.
583 3653 624 3722 ll,
638 3655 661 3705 5.
674 3651 766 3704 Ruth.
872 3650 1395 3719 gevenitsFutseulheumcontnta

345 3753 368 3785 a.
396 3731 438 3786 Μ.
464 3732 594 3802 Agrippa.
623 3732 660 3784 Μ.
689 3727 826 3801 Vipsanius
874 3727 1033 3797 rr'publs'pue·
1041 3727 1112 3798 Quid
1120 3726 1326 3790 snectutem,
1335 3731 1395 3781 Au-

310 3809 425 3883 Agrippa
438 3807 500 3862 inde
522 3808 554 3862 ab
576 3829 599 3862 a.
619 3809 653 3860 U.
677 3803 725 3877 733
747 3825 826 3878 gener
873 3804 1240 3879 gustusnonluerelelicesin
1248 3805 1393 3878 rempubli—

311 3887 439 3958 Augusti‚
462 3885 533 3958 eujus
555 3889 685 3940 fortunam
706 3885 757 3957 jam
780 3887 826 3939 diu
873 3905 946 3951 eam,
959 3885 1003 3956 qui
1014 3883 1155 3937 libertatem
1167 3882 1332 3937 evertemnt?
1343 3885 1392 3936 de-

312 3979 370 4025 ante
384 3965 486 4040 egregie
500 3977 601 4019 auxerat
612 3984 619 4019 :
630 3985 652 4018 a.
663 3965 698 4016 U.
712 3967 760 4033 7¹4
772 3977 825 4018 erat
873 3969 934 4022 inde
947 3968 1137 4037 voxpabtisnm
1152 3986 1205 4020 non
1220 3966 1330 4018 sumitur
1342 3987 1392 4041 pro

311 4053 413 4118 prator,
427 4045 520 4097 deinde
532 4044 614 4098 victor
625 4043 692 4097 Sext.
705 4041 824 4114 Pompeii
873 4043 1003 4117 republica
1019 4061 1026 4096 ε
1042 4063 1142 4117 prorsus
1160 4043 1222 4116 quid
1235 4042 1394 4098 intellexerit

312 4138 335 4177 et
344 4123 495 4178 maratonii
505 4121 621 4192 pluribus
630 4122 824 4196 praeliistmort.
873 4122 984 4188 Senem,
999 4143 1053 4177 non
1069 4124 1144 4177 facile
1163 4135 1200 4178 est
1214 4123 1300 4178 dicere
1311 4142 1319 4178 t
1331 4127 1392 4178 lor-

311 4219 334 4254 a.
346 4203 377 4254 U.
389 4221 409 4254 e.
428 4201 493 4272 742,
506 4212 565 4254 ante
578 4198 670 4254 Christ.
688 4219 724 4254 aa.
737 4201 777 4254 et.
791 4199 823 4254 de
873 4220 933 4266 san,
944 4203 966 4254 si
980 4200 1155 4272 adaequantia
1167 4201 1315 4275 respexeris,
1328 4221 1391 4256 ere·-
