2950 4934
274 425 358 526 'irs
585 438 626 504 L.
655 438 830 533 nuum
853 438 1068 509 sannen

290 571 377 639 ceris
393 595 400 634 :
414 591 516 661 quam
530 583 610 659 opto
626 567 837 637 mehercules
849 569 1016 663 mitigari,
1034 587 1069 638 et
1082 585 1141 640 aut
1153 578 1286 657 senari,
1303 594 1366 648 aut

289 700 379 754 stare
402 697 438 750 et
462 703 540 750 cum
559 673 632 774 ipso
651 705 843 768 senescere.
868 681 936 750 Sed
958 707 1099 752 securus
1116 683 1161 752 de
1179 686 1239 755 illo
1255 690 1331 758 s'um
1353 719 1362 756 :

289 799 332 868 de
349 815 463 868 nostro
481 798 604 865 damno
621 799 749 891 agitur,
771 798 897 890 quibus
912 822 1016 866 senex
1030 802 1188 894 egregius
1201 805 1362 897 eripitur.

287 917 372 984 Nam
390 905 462 1009 ipse
479 915 556 983 vitae
576 913 699 1006 plenus
716 930 786 995 est,
808 905 864 982 cu‘i
882 914 985 1006 adjici
1007 916 1096 985 nihil
1111 917 1284 987 desiderat
1300 945 1363 990 sua

232 1043 262 1098 rt
288 1052 408 1112 cauea,
436 1026 498 1096 sed
523 1050 640 1096 eorum
664 1028 791 1120 quibus
812 1027 905 1096 utilis
920 1033 1010 1096 est¹.
1034 1030 1239 1100 Liberaliter
1255 1033 1360 1117 lacit,

270 1197 273 1206 .
288 1145 379 1238 quod
392 1146 487 1216 vivit.
503 1143 600 1213 Alius
606 1143 678 1238 jam
691 1144 755 1213 hos
767 1145 937 1213 cruciatus
946 1145 1077 1214 finisset
1091 1173 1100 1213 ι
1114 1148 1172 1216 hie
1183 1165 1250 1217 tam
1259 1166 1363 1246 turpe

286 1279 384 1358 putat
408 1278 550 1331 mortem
575 1262 718 1356 fugere,
744 1286 846 1354 quam
867 1261 913 1330 ad
935 1279 1077 1333 mortem
1102 1267 1299 1361 confugere.
1317 1307 1357 1320 ·-

286 1378 383 1474 Quid
397 1402 480 1474 ergo
490 1381 504 1446 i
516 1399 606 1460 non,
623 1379 651 1445 si
664 1376 821 1447 suadebit
831 1402 903 1462 res,
919 1379 1026 1447 exibit
1034 1382 1231 1475 i-Quidni
1243 1401 1360 1468 exeat,

286 1498 314 1564 si
335 1521 435 1565 nemo
447 1497 518 1590 ja'm
536 1497 586 1563 nti
605 1519 644 1563 eo
663 1496 817 1588 poterit?
833 1496 861 1563 si
879 1495 967 1562 nihil
985 1495 1098 1582 aliud,
1122 1523 1223 1591 quam
1247 1499 1361 1570 dolori

285 1637 422 1707 operam
437 1612 554 1680 dabit?
567 1615 639 1679 Hoc
651 1625 719 1690 est,
737 1612 783 1678 mi
797 1612 926 1697 Lucili,
943 1611 1191 1707 philosophiam
1204 1616 1242 1683 in
1254 1641 1362 1710 opere

284 1729 416 1798 discere
427 1735 454 1814 ²,
476 1744 510 1796 et
526 1728 569 1796 ad
587 1751 705 1795 verum
723 1729 875 1796 exerceri
896 1755 905 1795 2
924 1728 1042 1797 videre
1063 1730 1147 1822 quid
1161 1732 1262 1802 homo
1276 1757 1362 1826 pru-

284 1845 369 1913 dens
381 1844 485 1912 animi
499 1841 625 1911 habeat
637 1858 756 1910 contra
766 1859 928 1927 mortem,
940 1860 1059 1913 contra
1072 1845 1241 1933 dolorem3
1252 1873 1360 1941 quum

227 1983 256 2028 η
284 1957 342 2026 illa
358 1950 534 2040 accedat³,
563 1956 621 2022 hie
645 1971 790 2048 premat.
817 1954 914 2049 Quid
938 1956 1131 2028 laciendum
1158 1961 1223 2042 sit,
1253 1987 1275 2031 a
1302 1963 1362 2032 la-

283 2077 394 2144 ciente
414 2071 615 2141 discendum
639 2087 701 2140 est.
723 2070 846 2140 Adhuc
861 2077 1073 2168 argumentis
1089 2091 1201 2144 actum
1220 2094 1292 2164 est,
1312 2103 1360 2148 an

282 2183 418 2283 possetl
436 2186 688 2279 aliquis'doiori
706 2189 885 2274 resistere}
903 2215 948 2258 an
962 2215 1052 2260 mors
1067 2216 1207 2286 magnos
1219 2219 1360 2288 quoque

283 2309 413 2376 animos
431 2304 565 2374 admota
584 2300 834 2373 submitteret⁵.
856 2307 953 2398 Quid
975 2333 1060 2402 opus
1083 2319 1134 2378 es‘t
1156 2312 1300 2381 uerbis?
1316 2313 1359 2382 In
1444 2387 1449 2403 ⁸

285 2447 354 2491 rem
372 2435 572 2516 praesentem
590 2417 721 2488 eamus!
746 2443 809 2490 nec
824 2417 1052 2494 mors'illum⁶
1071 2443 1189 2495 contra
1205 2426 1358 2497 dolorem

285 2643 446 2716 cuinullum,
462 2642 583 2713 adquam
600 2641 741 2712 pertinent:
755 2643 796 2694 lrr's
846 2647 1057 2719 Miltodes-..Si
1064 2646 1323 2702 oetteeonsr'de'mtr'm
1332 2663 1359 2704 re

284 2723 445 2777 sermonibus
464 2735 509 2774 ete.
520 2745 553 2759 -
561 2719 646 2774 Srhw.
664 2740 724 2773 vero
734 2741 741 2773 :
751 2722 797 2773 Nil
846 2727 935 2776 retient
940 2725 1115 2792 aujourd'hur'
1119 2766 1126 2789 ‚
1134 2729 1184 2780 elle
1192 2737 1216 2779 te
1226 2729 1358 2782 retrendra

285 2820 347 2872 opus
358 2819 410 2852 esse
421 2797 531 2861 videtur,
541 2797 702 2850 utrumviris
716 2797 797 2850 doctis
845 2821 933 2854 emon
940 2804 1146 2871 demafffiapm
1154 2807 1275 2871 demam,
1287 2815 1359 2858 rm

284 2889 421 2930 statuamus
433 2875 505 2948 plura
513 2876 630 2944 quedam
640 2875 797 2928 intercidisse
845 2881 874 2930 le
883 2878 1357 2950 ote.Stettemerestenrpas‚meurs‚·

285 2965 342 3006 ante
353 2955 398 3006 ista
407 2951 490 3004 rerba.
504 2953 666 3022 Respondere
677 2951 730 3005 hsce
747 2971 799 3024 po·
845 2969 875 3010 ω
887 2959 944 3009 „¹05
957 2960 1040 3026 «μ’μ’,
1050 2959 1177 3012 micham,

285 3032 478 3086 tuitSenereed
491 3031 672 3104 precedentem
684 3031 796 3101 aliquam
879 3053 902 3087 a,
921 3033 959 3086 In
976 3054 1051 3100 opere
1066 3037 1169 3089 discere
1189 3037 1235 3090 Sic
1251 3037 1359 3111 plurimi

284 3113 376 3166 Lucilii
388 3112 526 3186 Epistolsm
538 3130 583 3164 :ec
593 3111 645 3163 sive
655 3131 727 3172 casu,
742 3110 796 3164 sive
845 3113 919 3166 codd·
927 3113 1064 3184 etquidem
1075 3116 1103 3165 in
1112 3134 1178 3185 opus
1185 3117 1285 3179 ducere,
1294 3117 1358 3168 itern

286 3190 400 3244 consulto
419 3190 533 3242 omittere
555 3189 635 3262 potuit
658 3187 707 3240 viri
728 3187 797 3241 illins
844 3190 1359 3265 hene.proptersequentiazr'rrremproe·

286 3270 438 3336 nomen,de
448 3289 499 3339 quo
511 3269 552 3321 hir
560 3268 653 3340 agitur.
845 3269 1153 3322 sentemeamus.1lrehd.

324 3346 462 3400 eseam.
472 3349 592 3414 postte.
607 3345 704 3399 Eodem
714 3365 798 3418 argu·
880 3345 905 3399 3.
919 3347 1359 3419 Quumr'lla.aecedat,hr'epremat.

286 3437 373 3479 mento
385 3424 432 3476 sibi
448 3437 554 3475 mortem
566 3421 735 3476 consciscendi
748 3423 798 3476 cu-'
846 3427 946 3478 accedit
952 3425 1092 3492 malebam,
1103 3439 1127 3480 et
1131 3432 1240 3496 premitf
1247 3441 1275 3480 ot
1282 3428 1357 3492 alibi,

287 3505 415 3578 piditetern
427 3501 543 3554 insanam
564 3499 707 3572 aggreditur
719 3499 797 3552 J.-J.
845 3500 890 3552 nbi
901 3521 983 3568 quum
995 3515 1092 3590 tempus
1105 3503 1239 3577 signifieat.
1252 3504 1306 3558 sed
1319 3505 1359 3556 nil

285 3581 423 3634 Rorrssears
436 3597 445 3632 .·
457 3576 480 3630 S
483 3579 512 3630 'il
522 3588 547 3630 te
560 3589 624 3630 reste
636 3579 750 3648 ausond
760 3581 797 3630 dre
845 3588 944 3632 mutant
956 3578 1016 3632 libri
1030 3596 1037 3631 ε
1054 3600 1144 3654 nempe
1161 3603 1243 3652 pssum
1254 3582 1296 3636 hic
1311 3604 1358 3656 pro

284 3681 356 3716 eoeur
363 3663 387 3713 le
395 3659 514 3713 moindre
523 3662 656 3710 sentiment
663 3660 696 3709 de
704 3669 794 3718 mnu,
844 3659 965 3724 quamvis
976 3657 1055 3726 accipi
1067 3657 1177 3711 debebit.
1184 3659 1266 3714 scta

285 3745 372 3802 siens,
386 3759 436 3810 qne
444 3745 468 3802 fe
479 3741 659 3806 t'npprerrned
670 3740 754 3790 aimer
766 3739 795 3788 la
877 3735 902 3799 l·
908 3733 1008 3786 Posses.
1018 3733 1062 3787 sie
1073 3755 1164 3788 mssa.
1176 3736 1211 3789 Il.
1224 3739 1356 3812 ‘Uulgo

285 3824 336 3872 vie.
350 3817 456 3887 Clioque
459 3816 517 3888 sols
534 3823 583 3884 qut
601 3825 629 3867 tu
646 3832 719 3867 seras
730 3816 800 3867 tente'
841 3815 933 3881 possis.
944 3811 1025 3866 Seno.

285 3899 346 3950 d'en
356 3899 448 3958 sortis,
459 3894 502 3946 dis
513 3911 543 3946 en
553 3893 685 3946 toi-mlme
694 3910 703 3944 .-
713 3911 763 3960 qne
771 3899 796 3955 je
879 3892 902 3940 5.
914 3887 1083 3944 Submilteret
1103 3891 1226 3943 dederunt
1243 3913 1270 3944 a.
1282 3912 1305 3946 e.
1318 3894 1355 3944 A.

275 3978 356 4047 fasse
369 3991 455 4026 encore
470 3973 610 4024 unebonne
621 3972 798 4022 artionooant
844 3967 931 4040 Vulgo
941 3967 1099 4021 submittere.
1108 3968 1187 4021 Scine
1245 3979 1248 3984 '

284 4048 552 4121 quedemourr'r.Puis
561 4048 719 4102 varianter
727 4050 795 4113 quel·
877 4044 901 4096 li·
916 4045 969 4098 Nec
983 4065 1054 4099 mors
1067 4047 1169 4098 illum...
1179 4056 1268 4098 eontra
1277 4065 1359 4100 mor-

285 4148 334 4196 qne
341 4124 795 4196 indr'genteisecourinqnelquer'rffw
843 4132 903 4175 uns.
912 4123 965 4175 Lux
976 4142 989 4175 e
999 4122 1161 4194 sequentibus
1172 4124 1279 4196 effulget
1288 4141 1294 4176 :
1304 4125 1357 4178 sei-

284 4205 348 4258 tune'
353 4204 496 4266 neomuto,
505 4204 614 4272 quelque
620 4201 795 4264 malherrreuae
844 4199 903 4253 lieet
919 4219 972 4253 non
991 4199 1048 4254 ideo
1069 4213 1155 4253 eontra
1172 4201 1272 4257 dolores
1282 4203 1356 4254 lortis
