2950 4934
319 441 564 512 PIIYSIOIa.
591 441 841 512 STOICOR.
868 443 963 512 LIB.
989 445 1018 512 Ι.
1137 444 1205 538 499

135 606 226 669 peno
238 583 298 644 Iseo
313 596 411 646 nostro
430 605 440 644 ε
457 595 545 666 utque
560 583 609 644 ilIo
621 595 717 645 rector
729 595 790 659 eet,
807 596 836 647 et
849 584 938 646 Deos.
957 583 1009 646 Eut
1020 584 1209 652 Aoedemioo·

134 711 201 752 rum
214 702 297 752 vetos
316 689 476 763 munde,
498 701 527 750 et
540 690 622 770 ponit
635 690 675 749 ito
690 689 791 751 Cicero
807 689 841 771 (I
856 689 970 772 dead.)
985 712 995 752 t
1013 717 1027 746 ιι
1045 691 1080 753 Iu
1099 693 1208 754 Nature

133 797 276 859 sentiente
295 797 380 858 Retio
397 795 525 879 perfeeto
546 797 622 856 inest
643 819 652 856 t
676 817 763 879 quum
785 796 844 858 vim
867 797 1002 860 AuImum
1028 797 1126 860 dinoot
1145 821 1207 861 sose

136 905 241 966 Mundi
264 930 278 958 ι
302 925 312 964 t
333 915 363 964 et
381 905 553 988 ossignifient
575 902 683 964 Stoicos
709 903 845 964 tenuisse.
869 903 1021 965 Cleanthes
1042 906 1159 988 quidem
1181 920 1210 968 et

135 1010 303 1094 OEnopides
315 1033 351 1072 ex
365 1012 418 1084 iis,
432 1011 509 1093 opud
523 1009 686 1072 Stobaenme
702 1035 716 1065 α
730 1011 825 1071 Deum
842 1031 903 1072 esse
919 1012 1020 1072 mundi
1037 1015 1175 1075 animum.
1192 1037 1206 1068 s

135 1115 176 1178 Et
190 1116 354 1178 Ituetnntius
366 1118 501 1178 universe
513 1141 523 1178 t
537 1143 553 1170 ι
564 1117 609 1178 Ito
620 1115 707 1176 Stoici
721 1116 864 1178 interdum
879 1117 1075 1195 confundunt,
1089 1129 1121 1180 ut
1131 1121 1210 1182 Deus

135 1225 174 1286 sit
186 1225 249 1307 ipso
262 1225 347 1286 Meus
361 1223 484 1301 Mundi,
500 1237 530 1285 et
543 1222 672 1285 Mundus
687 1245 791 1306 coopto
804 1225 842 1284 sit
852 1225 916 1286 Dei.
932 1251 947 1278 ι

454 1426 771 1490 DISSEIITA'IIO
791 1429 895 1492 VIII.

135 1584 275 1646 Minodum
297 1587 388 1667 ι’ρειωι
410 1583 501 1647 Deum
518 1588 604 1647 ett'om
627 1584 730 1648 Stoicis
747 1585 823 1658 dici,
847 1587 898 1649 sed
911 1589 1024 1670 pmpnie
1042 1598 1137 1650 tamen
1150 1589 1211 1672 ejus

591 1690 741 1754 Amineam.
997 1687 1002 1692 ’

176 1869 221 1932 Iit
235 1892 304 1933 sune
318 1870 406 1933 Stoici
420 1893 496 1954 προ
509 1873 551 1933 oio
565 1872 739 1954 loquuntur,
752 1872 804 1932 etsi
819 1893 922 1954 purum
935 1893 1026 1944 sane;
1042 1885 1129 1955 utque
1138 1871 1210 1933 odeo

135 1981 231 2060 ipsum
246 1978 408 2055 Mundum,
424 1978 478 2040 hoc
492 1979 646 2062 edspeem,
662 1977 771 2040 fuciunt
784 1979 889 2040 Deum.
906 1978 1042 2041 MnnIIIus
1059 2003 1067 2038 ε

588 2144 694 2162 .......
706 2108 794 2160 Vivere
803 2107 924 2159 mnndum

298 2201 584 2272 Iitntionisegimotn:
596 2194 855 2271 qunmepixitusnnns

299 2290 740 2361 &minimorumque
751 2290 834 2358 irn'get
843 2288 946 2352 obem,

301 2383 563 2454 moerentium,
572 2399 710 2453 emptosque
720 2382 824 2433 mimula
835 2381 933 2450 figuret.

130 2501 207 2567 vutt
220 2477 336 2562 Animi!
351 2522 413 2562 esse
425 2492 590 2575 Mundum,
607 2499 729 2561 Ratione
744 2499 824 2582 regI,
841 2497 950 2581 Spin'tu
965 2500 1090 2582 vegetari
1103 2511 1132 2560 et
1141 2500 1209 2560 irri-

129 2603 207 2686 goti.
224 2601 288 2662 IIoo
300 2602 361 2681 jum
374 2613 441 2661 unte
456 2598 537 2660 Pluto
554 2621 563 2657 τ
581 2627 596 2654 s
610 2597 725 2660 Animal
740 2610 783 2660 est
797 2598 943 2675 Mundus,
966 2612 996 2660 et
1010 2599 1160 2660 Rationale
1181 2613 1210 2660 et

128 2706 409 2792 Auituupmditnm.
425 2707 622 2768 »Posidonius
636 2705 747 2767 Stoicus
761 2730 769 2766 o
784 2701 798 2761 I
811 2705 958 2781 Mundus,
975 2719 1076 2767 nutura
1086 2707 1208 2766 animata

130 2827 162 2876 et
175 2815 315 2876 sentiens.
330 2839 346 2867 π
361 2813 461 2874 Talem
475 2814 562 2895 igitur
576 2824 727 2886 nonnum,
744 2809 877 2872 dicebant
892 2813 997 2873 Deum.
1017 2811 1124 2874 Iterum
1142 2812 1210 2872 Mn-

130 2920 222 2981 nilius
235 2917 307 3002 (tit.
320 2917 359 3000 I)
371 2943 380 2979 ε

299 3042 355 3107 Qun
364 3047 447 3112 petent
456 3040 577 3093 IIundom
587 3040 673 3093 divino
681 3039 782 3092 numine
791 3042 866 3102 verti,

301 3136 381 3203 Itque
389 3134 471 3203 ipsum
481 3149 532 3184 esse
542 3136 632 3185 nem.

128 3245 276 3328 Didymus
290 3243 369 3327 opud
383 3241 541 3305 Eusebium
551 3243 628 3328 (XV
639 3243 676 3305 de
689 3244 812 3326 Pnepar.
827 3242 937 3326 Eveng.
946 3241 978 3324 )=
995 3270 1008 3297 o
1021 3242 1106 3303 Stoici
1116 3257 1205 3306 totum

126 3352 297 3428 Mundum,
314 3375 380 3413 cum
396 3352 526 3435 portibus
544 3354 622 3434 ejus,
641 3351 788 3434 appellent
802 3351 906 3412 Deum.
921 3377 935 3404 n
955 3350 1021 3432 Ipso
1039 3349 1099 3410 Itaeo
1111 3366 1206 3413 nostor

126 3458 241 3520 Seneca
254 3457 370 3543 (Epist.
391 3456 480 3541 nun)
497 3481 506 3519 ε
525 3486 539 3514 α
556 3459 659 3519 Totum
681 3457 756 3532 hoc,
774 3477 831 3539 quo
851 3459 1052 3532 continemur,
1074 3469 1103 3518 et
1116 3481 1205 3518 onum

127 3579 191 3640 est,
203 3577 234 3627 et
242 3568 321 3627 Deus
334 3579 401 3626 est:
419 3577 448 3626 et
459 3567 528 3626 socii
545 3567 606 3646 ejus
617 3577 647 3626 et
661 3563 790 3625 membro
808 3585 916 3628 sumus.
932 3590 946 3618 ι
963 3565 1126 3644 Iterumqne
1137 3564 1204 3624 alibi
1294 3615 1296 3620 .

125 3673 244 3758 (Epist.
256 3671 358 3754 xcvn)
370 3694 379 3732 t
397 3699 411 3726 s
425 3671 530 3733 Totum
542 3671 615 3748 hoc,
628 3694 687 3754 quo
699 3671 796 3733 divina
807 3685 835 3734 et
846 3671 971 3732 humano
982 3670 1115 3730 concluso
1124 3681 1203 3743 sunt,

124 3803 222 3843 unum
232 3791 277 3842 est
289 3804 298 3840 e
310 3776 439 3840 membra
448 3800 547 3839 sumus
556 3781 683 3860 eorporis
693 3779 801 3862 magni.
818 3805 832 3831 n
846 3774 884 3838 Et
895 3777 1056 3838 Lactantius
1067 3799 1114 3838 eos
1125 3776 1207 3838 refu-

124 3901 195 3949 tons
207 3886 278 3971 (tit.
295 3885 373 3961 vn,
388 3907 453 3968 cup.
474 3882 513 3968 3)
534 3909 542 3945 ε
564 3911 578 3939 α
595 3885 669 3945 Nom
685 3886 709 3945 si
725 3884 784 3944 haeo
800 3885 895 3943 omnia
911 3905 973 3966 quae
986 3883 1133 3958 videmus,
1150 3884 1204 3943 Dei

123 3995 260 4056 membro
278 4007 365 4071 sunt,
383 3997 443 4075 jum
459 3994 632 4055 insensibilis
647 3994 683 4054 ob
707 3993 752 4054 Itis
776 3993 954 4053 constituitur
970 3992 1058 4054 Deus.
1074 4018 1088 4045 n
1110 3992 1204 4052 Multo

126 4103 209 4163 enim
223 4105 254 4163 In
265 4102 377 4164 Mundo
388 4103 514 4177 scilieet,
526 4114 576 4162 unt
585 4102 725 4184 plurimu,
738 4101 801 4160 sine
812 4120 908 4160 sensu.
924 4099 1033 4160 Tamen
1044 4095 1119 4158 hono
1132 4119 1204 4158 sen·
1263 4163 1266 4168 ,

125 4210 249 4270 tentiam
265 4211 367 4273 itenmt
378 4207 486 4271 Seneca
497 4211 597 4271 asserit
609 4207 656 4292 (II
671 4209 775 4283 Quaest.
793 4207 830 4268 N.
844 4229 908 4288 cap.
926 4204 985 4290 45)
999 4230 1007 4265 =
1021 4233 1035 4262 ιι
1050 4205 1102 4268 Vis
1111 4206 1205 4268 Deum
