2950 4934
333 438 399 506 sss
497 503 502 512 ,
708 435 862 508 JUs'rl
884 433 1045 510 LIPSII
1099 445 1101 450 ’

639 691 957 756 DISSERTATIO
977 691 1094 756 XVII.

424 855 544 950 Tutela
553 864 673 948 objecto
685 875 783 956 contro
794 865 1323 945 Faomordnesotmmanutm

374 1054 450 1114 Auo.
459 1049 522 1112 Nec
532 1072 609 1125 nunc
624 1049 775 1111 dimittam.
788 1043 824 1109 ln
832 1042 1017 1118 Providentia
1025 1043 1192 1132 acquiesco,
1203 1047 1316 1109 lluctuo
1328 1050 1406 1109 etiam

333 1157 365 1218 in
379 1156 460 1217 Fato.
476 1155 627 1217 Immobile
640 1154 759 1216 dixisti:
772 1155 915 1237 quomodo
927 1167 1039 1237 potest,
1054 1150 1159 1238 triplici
1171 1157 1224 1216 ista
1235 1153 1422 1236 injectioncl·

334 1261 484 1336 Primum,
501 1261 619 1345 Megia,
636 1274 665 1322 et
679 1254 766 1321 Genii
782 1257 866 1321 inseri
882 1263 928 1322 vel
944 1259 1014 1322 serii
1031 1269 1163 1336 mutant,
1179 1275 1230 1322 aut
1253 1261 1407 1322 incidunt:

334 1391 389 1431 usu
403 1368 581 1442 notandum,
597 1375 627 1428 et
642 1365 759 1427 Lucano
773 1361 841 1427 slihi
857 1367 933 1427 clare
946 1367 1093 1449 scriptum.
1109 1361 1243 1441 Deinde,
1257 1367 1342 1428 Deus
1356 1367 1409 1449 ipse

333 1485 446 1550 mutat,
461 1473 511 1555 qui
525 1471 659 1553 precibus
682 1479 816 1533 exoratur
830 1495 838 1542 ;
853 1483 882 1532 et
901 1469 1044 1547 flectitur,
1069 1485 1154 1553 atque
1171 1470 1245 1531 adeo
1262 1474 1383 1553 poenitet
1400 1495 1406 1527 ι

334 1578 412 1662 quod
428 1579 490 1659 ipse
501 1578 531 1636 ln
548 1576 641 1637 Sacris
655 1571 692 1637 de
705 1599 736 1637 se
749 1577 829 1637 dicit.
846 1571 965 1650 Tertio,
982 1577 1005 1636 si
1017 1577 1162 1657 pertendis
1175 1576 1300 1636 omniuo
1316 1579 1409 1638 immu-

335 1685 423 1745 tabile
436 1707 444 1755 3
455 1682 573 1744 Peccata
583 1684 620 1744 cb
630 1704 665 1743 co
675 1704 733 1748 non
744 1681 890 1756 excludes,
901 1681 1043 1765 quidquid
1053 1695 1119 1742 ante
1129 1681 1239 1742 dixeris
1250 1727 1259 1756 ,
1273 1695 1305 1743 et
1317 1705 1409 1744 ueces-

334 1791 410 1851 san'o
424 1784 558 1850 evenient
572 1810 610 1849 ex
626 1785 804 1849 Praescientiu
823 1783 871 1849 illa
889 1788 997 1850 diviua.
1012 1788 1074 1849 Has
1087 1811 1202 1871 quoque
1214 1781 1377 1849 nubeculas
1389 1783 1409 1848 si

335 1895 418 1980 pellis
431 1919 439 1968 ;
455 1917 473 1956 o
487 1908 516 1956 te
529 1917 626 1955 meum
641 1894 735 1955 sotem
749 1938 757 1968 ‚
776 1907 804 1956 et
820 1893 878 1956 into
893 1889 964 1954 milri
982 1917 1097 1978 quoque
1113 1887 1211 1956 datum
1226 1895 1267 1956 ad
1285 1888 1408 1956 animum

334 1997 546 2064 serenandum!
564 1999 644 2061 ers.
662 1999 707 2060 De
725 1991 787 2060 Fati
804 1999 878 2061 serie
893 2000 1018 2061 diximus
1032 2025 1041 2060 ε
1055 2013 1087 2061 tu
1098 2022 1213 2083 quoque
1227 1996 1343 2062 videris
1353 2025 1409 2062 eum

321 2107 469 2182 nectere,
484 2120 513 2168 et
526 2120 656 2168 catenam
673 2119 781 2168 struere
799 2107 1063 2191 interrogationum.
1080 2107 1227 2168 solvamus
1244 2123 1347 2170 tumen
1360 2105 1409 2170 leri

337 2233 442 2298 opern3
457 2233 510 2273 nec
523 2212 641 2274 sortasse
656 2209 803 2296 implicatu
815 2215 919 2288 nimis,
940 2237 1002 2295 quo
1016 2215 1111 2274 offers.
1129 2213 1174 2274 De
1190 2205 1312 2298 Magia,
1333 2238 1410 2276 com-

334 2322 453 2382 memini
466 2341 535 2381 sane
549 2316 696 2382 Lucanum
711 2321 856 2395 scribere,
874 2315 924 2381 ubi
943 2319 1080 2380 Thessalo
1100 2319 1149 2381 illc
1163 2342 1250 2404 magu
1266 2314 1307 2382 sd
1325 2323 1410 2383 Pom*

334 2428 432 2511 peium
445 2425 534 2487 lilium
553 2448 562 2485 s

634 2582 656 2598 ..
738 2546 875 2600 conciditur
885 2547 948 2609 orti,

502 2641 582 2691 num
590 2647 668 2706 quum
679 2637 753 2689 radiis
762 2644 900 2708 pressemot
909 2637 988 2690 sideru
999 2644 1121 2702 mortens,

501 2731 629 2782 lucensius
638 2746 719 2780 moros
729 2748 736 2779 ι
749 2735 774 2780 ct
782 2730 894 2798 qumvis
905 2728 990 2780 lecerit
997 2731 1077 2781 omnis

497 2817 1307 2888 scellam‚mediosherbinbrumpimomnos.(1.ib.w.)

333 2946 397 3008 Hoc
410 2948 441 3007 iu
453 2944 645 3028 singularibus
659 2941 725 3002 fetis
741 2945 846 3023 jnctnt,
865 2943 916 3004 scd
932 2945 962 3004 in
975 2937 1118 3025 publicis,
1136 2944 1264 3006 nbdieut.

496 3075 751 3148 Numsimulsprim
761 3073 989 3148 descenditoriginc
998 3081 1083 3132 llundi

498 3174 632 3224 &osorum
641 3167 729 3234 series,
739 3179 812 3241 atque
823 3168 906 3224 omnis
913 3175 973 3225 Fsts
982 3173 1093 3226 laborent
1103 3211 1111 3236 ,

498 3265 527 3316 si
535 3262 673 3332 quidquem
680 3270 785 3314 musone
796 3263 867 3325 velis,
879 3281 979 3332 unoquo
989 3264 1033 3315 sub
1044 3265 1095 3316 ictu

498 3353 1242 3421 Statgenoshumsnomtunc,llsesulsturbs,sstcmnrt

499 3444 557 3496 Plus
565 3447 671 3496 Fortem
677 3452 767 3514 potcst-
981 3445 985 3452 “

334 3567 404 3628 llos
419 3579 503 3649 poeta
515 3567 564 3626 rlle
576 3568 616 3626 its
629 3566 765 3640 divisim,
779 3569 830 3650 qui
845 3580 921 3628 amnt
933 3570 1050 3651 quidem
1065 3569 1175 3631 Stoicus
1189 3589 1268 3652 sepe
1278 3585 1349 3632 esse
1363 3596 1372 3632 ι
1388 3575 1416 3632 in

335 3674 390 3736 bno
411 3687 507 3736 samm
522 3674 662 3736 sententis
676 3673 787 3749 hereo,
804 3697 857 3736 uec
870 3687 980 3738 temere
992 3676 1105 3738 decido.
1122 3675 1199 3752 Quid
1212 3677 1296 3738 mult?
1313 3681 1418 3763 singu-

334 3780 405 3840 laria
419 3779 488 3841 Futn
511 3781 548 3840 ol>
566 3792 672 3840 uerno
686 3793 748 3841 ets
767 3782 862 3860 pn'ma
882 3783 988 3860 on'gs'oe
1002 3781 1124 3854 Mundi,
1149 3794 1181 3842 ut
1194 3783 1343 3863 loquitur,
1358 3807 1416 3844 uon

334 3888 451 3949 delinito
465 3901 605 3971 apparet:
620 3900 671 3948 sut
683 3889 784 3948 soltem
803 3889 921 3949 seorsim
933 3911 1032 3949 causas
1050 3911 1117 3950 suas
1130 3887 1237 3949 bebere
1250 3933 1259 3963 ,
1272 3913 1334 3950 nec
1349 3915 1417 3952 curn

335 3995 398 4054 aliis
407 3995 557 4080 implens.
574 3994 675 4075 ltaque
684 3993 830 4054 sollicitari
840 4007 870 4054 et
879 3998 998 4071 moveri,
1012 3996 1074 4056 sine
1085 3995 1255 4058 confusione
1266 4009 1322 4056 out
1331 4000 1416 4058 turln

336 4099 480 4162 Universi.
496 4101 586 4164 Aliter
598 4103 628 4160 in
643 4099 768 4160 Publicis
782 4125 790 4171 ;
805 4123 867 4183 quse
877 4102 975 4183 plures
990 4115 1128 4186 tangrmt,
1145 4115 1173 4162 et
1186 4103 1324 4184 pluribus
1339 4127 1417 4165 nexa

308 4181 319 4206 ⁸
337 4219 445 4268 suntet
460 4208 597 4286 injrmcts.
615 4207 690 4282 Istc,
708 4209 793 4282 dioc,
810 4231 890 4270 mens
906 4209 1019 4270 videtur
1035 4235 1043 4270 c
1059 4209 1110 4272 scd
1125 4231 1208 4271 vano.
1227 4211 1305 4273 Nam
1318 4235 1420 4297 quau-
