2950 4934
378 497 449 564 EX
474 495 651 564 LlBRlS
674 494 901 565 SENECAE.
1108 503 1170 586 4⁰¹

124 631 198 698 serit
217 652 226 692 t
243 626 431 721 praesertim
447 647 553 718 quum
570 623 722 719 quasdam
737 622 848 694 viduae
864 627 955 711 sint,
973 643 1011 696 ut
1029 631 1176 725 Populo-

122 745 194 824 nia,
214 742 266 811 vel
279 741 447 834 Fulgura,
473 755 508 808 et
527 738 605 809 diva
627 740 799 824 Rumina,
829 741 954 833 quibus
979 768 1048 814 non
1071 749 1177 816 miror

121 861 291 951 petitorem
298 855 445 928 defuisse
457 857 634 925 ¹.Omnem
646 858 743 926 istam
756 855 941 951 ignobilem
951 857 1092 931 deorum
1105 879 1177 933 tur-

122 975 214 1058 ham,
233 998 334 1068 quam
353 974 456 1068 longo
476 997 547 1044 sevo
566 972 669 1066 longa
684 975 879 1068 superstitio
891 980 1060 1069 congessit
1070 1029 1081 1064 ,
1099 983 1174 1064 sic,

121 1093 246 1184 inquit,
260 1090 495 1171 adorabimus,
506 1104 545 1158 ut
555 1091 826 1176 meminerimus,
843 1091 970 1162 cultum
984 1096 1057 1188 ejus
1071 1100 1179 1192 magis

120 1205 161 1274 ad
173 1231 318 1288 morem,
334 1231 433 1298 quam
447 1203 573 1273 adrem
586 1205 772 1299 pertinere.
788 1231 803 1267 s
815 1207 846 1274 N
848 1228 887 1273 ec
897 1207 989 1300 leges
1002 1211 1174 1304 erguillae,

119 1343 272 1403 neamus,
283 1319 419 1388 incivili
430 1316 898 1415 theologiaidinstituernnt,
908 1321 999 1412 quod
1013 1321 1078 1391 diis
1098 1349 1178 1418 gra-

119 1451 185 1502 tum
199 1449 306 1518 esset,
323 1433 379 1502 vel
392 1431 521 1502 adrem
540 1434 727 1528 pertineret
743 1459 751 1500 ε
769 1431 829 1502 sed
844 1435 928 1522 iste,
943 1460 1043 1530 quem
1057 1437 1179 1508 Philo-

120 1549 212 1641 sophi
224 1548 322 1640 quasi
334 1547 478 1615 liberum
494 1547 671 1630 feserunt,
687 1561 799 1616 nmen
815 1550 896 1640 quia
910 1549 1050 1619 illustris
1063 1555 1182 1647 populi

117 1671 258 1739 Romani
272 1684 408 1738 senator
425 1685 520 1752 erat,
537 1667 669 1737 colebat
683 1667 778 1760 quod
794 1670 1084 1764 reprehendebat,
1100 1699 1181 1766 age-

116 1785 173 1854 hat
188 1785 284 1880 quod
297 1763 481 1880 argnehat,
498 1783 592 1876 quod
609 1783 766 1877 culpabat
780 1785 952 1856 adorabat.

456 1969 516 2045 Cap.
525 1987 572 2036 xr,
590 1970 720 2024 desudem
732 1971 846 2024 Saurea.

162 2120 224 2189 35.
242 2111 310 2189 Hic
325 2121 416 2186 inter
432 2117 514 2185 alias
532 2113 643 2185 civilis
661 2116 840 2213 theologia
856 2123 1113 2213 superstitiones
1132 2147 1184 2192 re·

113 2231 304 2326 prehendit
319 2233 421 2301 etiam
436 2246 644 2302 sacramenta
663 2231 879 2324 Judaeorum,
897 2247 932 2302 et
947 2236 1089 2305 maxime
1106 2236 1185 2306 sah-

113 2349 193 2420 hata
213 2378 222 2417 :
244 2349 415 2420 inutiliter
429 2345 467 2416 id
482 2372 539 2417 eos
564 2348 675 2417 facere
696 2349 894 2434 affirmans,
916 2350 1008 2443 quod
1025 2377 1087 2447 per
1107 2354 1184 2422 illos

112 2466 271 2562 singulos
289 2481 418 2560 septem
435 2465 653 2558 interpositos
675 2463 749 2533 dies
768 2467 943 2558 septimam
960 2467 1031 2536 fere
1053 2486 1185 2562 partem

110 2585 223 2653 aetatis
242 2606 314 2652 suae
325 2579 473 2676 perdant
483 2578 633 2650 vacando
646 2631 656 2664 ,
671 2597 706 2648 et
718 2582 822 2650 mults
839 2584 876 2649 in
893 2599 1045 2676 tempore
1059 2610 1186 2679 urgen·
1295 2622 1297 2628 ·

109 2703 158 2768 tia
178 2726 257 2770 non
276 2697 409 2794 agendo
430 2696 607 2767 laedantur.
640 2694 853 2766 Christianos
877 2715 988 2798 tamen
1006 2701 1078 2794 jam
1105 2718 1187 2772 tune

109 2807 246 2886 Judaeis
265 2815 535 2898 inimicissimos,
555 2814 593 2881 in
608 2830 764 2882 neutram
776 2830 905 2908 partem
926 2839 1187 2888 commemorare

108 2950 218 3001 ausus
238 2946 321 3000 est:
348 2954 392 2999 ne
413 2931 468 2999 vel
490 2929 645 3000 laudaret
663 2944 780 2999 contra
805 2954 872 2999 suae
896 2933 1014 3024 patriae
1038 2949 1186 3008 veterem
1254 2973 1272 2982 -

106 3047 401 3118 consuetudinem
417 3096 426 3129 ,
442 3047 497 3116 vel
515 3044 783 3140 reprehenderet
796 3058 914 3112 eontra
930 3047 1105 3142 propriam
1122 3048 1188 3116 lor·

106 3170 202 3240 sitan
222 3171 446 3240 voluntatem.

296 3281 299 3285 ¹
596 3310 702 3363 Ibidem.

159 3445 230 3514 36.
245 3443 465 3513 Deillisssne
476 3438 601 3510 Judaeis
618 3441 1027 3534 quumloqueretur,ait:
1044 3449 1189 3540 «Quum

102 3558 261 3627 interim
274 3579 384 3647 usqne
405 3578 446 3623 eo
464 3553 728 3624 sceleratissimae
751 3557 862 3649 gentis
878 3562 1087 3630 consuetudo
1102 3587 1190 3632 con-

102 3676 246 3758 valuit,
264 3690 304 3741 ut
317 3696 381 3767 per
396 3695 514 3741 omnes
525 3671 595 3765 jam
612 3688 721 3742 terras
737 3653 875 3768 recepta
894 3679 937 3746 sit
956 3705 963 3745 :
986 3681 1064 3748 victi
1076 3681 1190 3750 vieto-

102 3795 213 3862 ribus
233 3791 334 3885 leges
347 3787 586 3857 dederum'.»
609 3782 800 3862 Mirabatur
812 3790 886 3862 haec
904 3793 1038 3882 dicens,
1059 3797 1190 3890 etquid

78 4049 84 4056 .
139 4031 164 4066 t.
184 4009 304 4083 Quibus
326 4029 379 4061 non
400 4012 483 4064 miror
500 4011 634 4076 petitum
682 4011 794 4082 pesclora
803 4011 888 4084 imago
898 4015 1015 4066 vanitatis
1023 4017 1113 4068 erroris
1123 4018 1191 4091 pris-

96 4089 242 4159 defiu'ue.
259 4085 338 4157 Erige
347 4085 497 4139 sententium
510 4084 634 4155 jacentem
684 4087 724 4148 ei;
744 4107 756 4140 a
771 4107 821 4158 qno
834 4099 958 4158 quantum
972 4089 1123 4146 heneficium
1136 4107 1190 4166 est,

96 4161 301 4238 interrogandi
315 4175 390 4228 nota,
401 4175 427 4216 st
440 4162 535 4229 scrib,
548 4167 635 4216 mirer.
683 4165 753 4234 quod
767 4165 856 4238 eripuit
868 4185 913 4219 nos
926 4167 1015 4220 melior
1026 4169 1068 4222 ills
1079 4172 1148 4224 deus.

96 4248 161 4300 Nee
179 4243 270 4318 plan
285 4240 318 4293 sd
337 4241 383 4294 hos
401 4240 463 4293 ritus
481 4239 635 4310 :inquibus
718 4261 741 4293 2·
753 4243 822 4295 Victi
831 4242 970 4298 victoribus
981 4249 1046 4316 leges
1059 4249 1190 4304 dederunt.

246 4338 309 4408 lv.
1023 4343 1067 4411 26
