2950 4934
240 437 506 519 'nausson
532 444 786 520 s'rolcou.
811 444 908 523 ms.
933 427 986 525 1'1.
1094 452 1161 555 σο,

91 594 186 655 Terre
208 593 297 677 igitur
316 590 378 651 luc
395 590 592 675 dignitaseet
611 590 650 652 ds
672 590 828 668 Sitndixi,
847 594 878 654 in
895 595 992 657 medio
1010 616 1090 674 esse,
1112 602 1165 664 sed

90 698 265 781 pendulam,
283 710 314 760 et
327 700 359 760 in
374 718 406 758 se
416 697 571 759 reductam
582 720 594 758 a
606 719 664 781 quo
676 701 871 763 sustentante?
884 702 1003 786 quidam
1016 708 1098 789 aquis
1111 731 1165 769 voa

84 808 299 875 luntinnatare
314 830 324 867 a
342 820 376 869 ut
388 806 511 881 Thales,
528 806 567 867 de
581 828 640 888 quo
652 808 761 869 &neca
776 808 894 892 (anst.
913 811 979 890 Ill,
1000 836 1064 898 cap.
1090 816 1162 901 17)=

92 944 107 969 a
121 915 191 991 Quas
207 918 337 1000 sequitur
355 915 484 978 Thaletis
500 918 600 998 inepta
613 919 752 977 sententia
767 932 810 981 est
826 942 834 979 t
851 921 892 982 ait
909 923 1005 997 enim,
1023 935 1164 985 terrarum

89 1024 190 1085 orbem
216 1046 289 1106 aqua
311 1025 462 1100 sustiueri,
486 1036 516 1084 et
535 1023 602 1084 vehi
621 1044 702 1085 more
722 1025 851 1109 navigii,
870 1029 1084 1113 nobilitateque
1103 1033 1164 1111 ejus

89 1130 248 1206 fluctuare,
265 1144 334 1191 tunc
356 1153 446 1221 quum
467 1131 572 1192 dicitur
588 1142 748 1193 tremam.»
769 1130 872 1195 Eidem
887 1136 991 1196 iterum
1007 1135 1061 1197 hoc
1083 1142 1165 1199 attri-

88 1238 154 1296 buit
172 1261 182 1297 a
202 1265 216 1294 s
229 1236 334 1298 'l'hales
349 1251 437 1298 totam
456 1239 709 1319 terramsubjecto
721 1238 831 1318 judicat
851 1240 970 1303 humore
988 1246 1112 1325 portori,
1135 1259 1165 1307 et

87 1344 220 1405 innatare
233 1367 242 1406 ε
255 1346 317 1405 sive
327 1345 400 1407 illud
418 1344 567 1406 Oceanum
582 1365 685 1420 voces,
700 1346 762 1405 sive
779 1366 857 1407 mam
875 1368 1027 1431 magnum,
1041 1350 1102 1410 sive
1118 1350 1163 1410 al-

87 1454 177 1511 terius
193 1464 300 1513 netum
319 1452 478 1534 simplicem
495 1474 610 1534 aquam
624 1478 639 1507 ι
658 1452 733 1516 Sunt
749 1454 799 1535 qui
815 1474 832 1513 e
846 1452 938 1514 Sacris
953 1455 1162 1517 firmamentum

86 1572 189 1641 petant
200 1561 285 1642 squia
295 1560 443 1621 Psalmista
455 1562 585 1643 scripsit:
599 1560 677 1637 «ραι
688 1560 929 1622 fundavitterram
940 1585 1027 1646 super
1037 1586 1135 1646 aquas.
1147 1591 1161 1618 a

83 1665 143 1725 Sed
163 1665 195 1726 id
211 1668 359 1727 verissime
374 1667 411 1728 de
425 1668 498 1729 mari
511 1667 626 1742 dicitur,
639 1680 673 1728 ut
683 1669 877 1729 Damascenus
895 1671 1018 1752 explicat
1028 1669 1098 1753 (lib.
1114 1670 1160 1745 ll,

83 1786 152 1856 c'ap.
171 1770 240 1857 ιο),
256 1774 385 1858 undique
401 1775 583 1836 circumfuso.
603 1776 702 1836 Plures
714 1776 791 1836 Aere
806 1775 899 1837 fulciri
912 1788 941 1837 et
957 1778 1047 1839 attolli
1057 1779 1161 1838 volue-

83 1893 165 1941 runt.
180 1880 333 1957 Lucanus,
356 1882 408 1943 lib.
427 1882 459 1956 l,
476 1880 543 1967 89:

252 2045 342 2062 ......
354 2008 416 2061 dum
424 2016 489 2063 terra
498 2008 607 2074 ῐιείιιιιι,
620 2018 757 2080 terramque
768 2008 859 2060 levabit

247 2104 303 2153 Aes.

81 2174 411 2292 mgnnuippocnts
421 2204 512 2290 (num
528 2207 565 2266 ιο
576 2204 695 2289 mea.)
706 2230 715 2266 ι
727 2212 744 2260 ·«
757 2206 879 2288 spirim
889 2205 977 2267 uuna
987 2204 1160 2267 fndamen-

80 2330 163 2390 tum,
174 2328 290 2377 etterrae
300 2314 464 2375 vehiculum
476 2340 491 2368 a
506 2314 616 2374 Plinius
628 2312 693 2396 (ll,
706 2337 771 2398 cap.
782 2311 816 2398 5)
829 2339 837 2373 ι
854 2340 867 2369 u
878 2314 982 2375 Aerem
994 2328 1159 2397 peronneto
1287 2371 1295 2386 ,

82 2446 184 2486 rerum
204 2424 372 2499 meabilem,
395 2436 511 2504 totoque
531 2422 710 2494 confertum
727 2421 813 2503 hujus
830 2424 859 2481 vi
883 2444 1070 2505 suspensam,
1093 2444 1159 2482 cum

82 2544 188 2615 quarto
210 2552 348 2613 aquarum
370 2528 531 2603 elemento,
552 2528 651 2589 librari
673 2528 770 2589 medio
791 2530 882 2612 spatio
908 2532 1079 2591 tellurem.»
1103 2528 1159 2589 Sed

80 2638 155 2697 alibi
169 2635 246 2697 idem
260 2650 290 2696 et
303 2636 439 2711 alteram,
456 2636 655 2719 verioremque
672 2656 805 2711 causam,
822 2638 913 2719 tangit
927 2634 1019 2719 (ibid.
1037 2659 1063 2696 c.
1080 2634 1158 2719 70)=
1253 2632 1255 2637 ’

82 2772 97 2798 ι
110 2744 258 2804 Mirantur
270 2741 398 2825 pendere
412 2756 534 2819 terram,
550 2766 584 2804 ac
598 2766 656 2803 nun
672 2741 775 2804 cadere
789 2744 956 2817 nobiscum,
973 2765 1027 2803 ceu
1043 2744 1159 2825 spiritus

79 2853 143 2925 vis,
159 2852 268 2911 mundo
286 2852 442 2932 presertim
456 2852 558 2912 inclusi
574 2849 661 2911 dubia
677 2853 731 2924 sit;
751 2863 800 2912 aut
815 2852 905 2933 possit
919 2850 1039 2925 cudere,
1056 2862 1158 2910 nanus

77 2970 277 3040 repugnante,
293 2972 337 3031 ct,
355 2977 413 3040 quo
428 2957 527 3031 cadat,
539 2972 673 3041 negante.
685 2984 700 3012 u
712 2956 777 3018 Hoc
789 2960 906 3040 optime.
920 2958 1028 3018 Namra
1039 2970 1082 3017 est
1094 2978 1158 3038 qure

78 3077 241 3148 repugnat,
257 3076 287 3125 et
300 3066 389 3141 sistit,
407 3077 436 3125 et
448 3067 567 3127 tendere
579 3087 642 3126 eam
657 3065 695 3126 ad
708 3066 804 3127 media
818 3063 862 3126 sui
876 3066 969 3144 jubet.
986 3064 1031 3127 Ad
1045 3064 1141 3125 medie

467 3233 559 3250 ......
561 3261 564 3265 ⁸
572 3196 632 3267 quia
642 3203 708 3248 totus
719 3194 751 3247 ab
760 3196 802 3247 illa

247 3286 411 3340 Tantundem
420 3288 511 3357 refugit
518 3287 639 3350 llnndus,
651 3286 757 3356 iecitque
768 3286 878 3339 cadendo

244 3378 956 3453 Undique¹,necodcret;mediumtotius,etimumest:
1065 3440 1067 3447 Α

75 3514 110 3562 nt
126 3501 276 3584 ingeniose
291 3499 429 3561 Manilius
445 3499 576 3581 scripsit,
593 3512 623 3559 et
636 3496 716 3559 addit
729 3489 799 3580 (lib.
816 3495 872 3581 l)=

250 3632 301 3681 Nec
311 3646 371 3679 vcro
382 3627 428 3678 tibi
436 3630 530 3678 Natura
540 3625 682 3677 admiranda
693 3625 770 3677 rideri

247 3718 377 3771 Prudentis
385 3726 453 3770 terra
463 3717 535 3769 debet
545 3755 553 3780 ,
565 3732 644 3787 quum
653 3718 759 3787 pendeat
769 3718 820 3789 ipse

191 3802 194 3805 ⁴
248 3810 370 3873 llnndns,
384 3818 409 3861 ct
417 3812 444 3861 in
454 3810 524 3861 nullo
535 3814 612 3878 ponat
621 3810 723 3877 vestigia
732 3804 825 3861 tundo:

72 3935 115 3995 Vi
133 3932 223 4016 igitur
235 3952 286 3991 sua
299 3942 354 3992 stat
366 3942 395 3992 ct
406 3942 530 4003 natura,
547 3928 626 3988 nullo
638 3930 706 3987 nixa
717 3952 725 3999 ς
738 3928 816 4009 quod
829 3928 948 4009 pulchre
958 3926 1063 4003 Jobus,
1076 3948 1156 3989 sacer
1256 3906 1259 3915 ,

72 4056 160 4104 vates
174 4038 215 4122 (c.
231 4034 313 4119 26)=
333 4067 347 4093 a
360 4038 416 4114 Qui
432 4051 537 4099 terram
553 4036 684 4096 fundavit
700 4058 788 4123 super
804 4037 942 4113 nihilum,
959 4034 1001 4101 ἐπ’
1014 4040 1123 4108 οὐδενός.
1136 4062 1150 4089 π

111 4222 762 4298 ιΝιιιιιιιιιὶἱιιιιιὶιιιοιιιιὶἱι,ιίιιιιίιιειιιιἰιιιΙιι·ιι.
