2950 4934
419 448 688 519 EPISTOLA
713 454 902 529 CXVIII.
1136 475 1201 541 305

130 575 262 643 Bonum
285 578 560 671 Honestumne,
576 606 592 643 o
610 580 733 650 dioom.
754 583 896 679 Aliquid
913 593 1004 661 intes·
1023 618 1059 663 se
1074 596 1202 669 habent

130 691 272 758 mixtum
286 706 321 759 et
337 692 564 786 inseparabile
582 720 589 761 :
607 719 671 765 neo
689 714 801 791 potest
812 702 938 775 bonum
952 732 1042 794 esso,
1062 715 1128 783 nisi
1145 720 1201 786 cui

129 802 264 895 aliquid
287 802 419 873 honesti
442 806 549 889 inest3
575 824 610 876 et
634 808 813 881 honestum
837 818 956 910 utique
980 821 1106 894 bonum
1135 846 1198 898 est.

129 917 229 1010 Quid
249 942 331 1013 ergo
353 920 444 988 inter
466 921 533 989 duo
555 924 719 993 interest?
741 928 928 999 Honestum
946 951 996 1003 est
1014 940 1202 1030 perfectum
1258 951 1262 959 “

131 1034 282 1123 bonum,
303 1061 370 1129 quo
390 1034 490 1107 beata
510 1040 579 1109 vita
603 1042 794 1136 completur
801 1097 812 1129 ,
836 1049 937 1141 ‘cujus
958 1071 1116 1127 contactu
1136 1062 1203 1131 alio

129 1174 269 1243 quoque
287 1148 378 1220 bona
396 1152 495 1222 fiunt.
517 1154 621 1247 Quod
641 1156 738 1242 dico,
764 1161 831 1230 tole
854 1181 917 1233 est.
941 1168 1028 1237 Sunt
1045 1175 1203 1265 quaedam
1225 1242 1244 1265 ,

128 1289 244 1357 neque
270 1265 380 1348 bona,
419 1292 531 1360 neque
559 1271 693 1341 mala¹t
715 1288 874 1368 tanquam
892 1282 1012 1351 militia
1019 1337 1031 1371 ,
1053 1288 1200 1381 legatio,

123 1382 335 1475 jurisdictio.
348 1386 448 1467 Haec,
466 1410 570 1478 quum
587 1387 730 1459 honeste
748 1393 982 1468 adminiso'nta
999 1420 1096 1490 sunt,
1113 1405 1203 1477 bona

126 1522 204 1565 osse
222 1499 410 1591 incipiunt,
430 1517 465 1569 et
482 1526 523 1570 ex
537 1501 643 1572 dubio
662 1506 698 1573 in
715 1504 843 1578 bonum
862 1526 1050 1587 transeunt.
1071 1522 1202 1592 Bonum
1229 1486 1240 1519 ι

126 1614 290 1682 societate
305 1614 440 1701 honesti
454 1616 514 1706 fit3
528 1616 699 1687 honestum
714 1646 778 1714 per
792 1649 830 1692 oe
846 1625 973 1697 bonum
989 1648 1054 1703 est.
1072 1638 1202 1709 Bonum

126 1754 168 1799 ex
188 1731 333 1800 honesto
352 1732 448 1821 flui13
470 1734 650 1804 honestum
667 1762 707 1807 ex
724 1762 761 1809 se
778 1759 841 1811 est.
863 1743 967 1837 Quod
984 1749 1110 1822 bonum
1126 1772 1198 1841 est,

126 1842 254 1911 malum
277 1867 348 1914 etse
364 1848 497 1940 potui13
513 1848 604 1941 quod
619 1848 796 1921 honestum
811 1872 878 1940 est,
900 1860 965 1929 nisi
984 1862 1110 1934 bonum
1127 1892 1201 1937 esse

126 1982 198 2025 non
210 1960 331 2051 potuit.

176 2076 274 2143 Hanc
294 2074 431 2168 quidam
452 2078 643 2149 finitionem
663 2081 889 2156 reddiderunt
907 2116 914 2155 :
942 2118 959 2155 s
975 2094 1108 2163 Bonum
1122 2114 1195 2182 est,

125 2189 222 2281 quod
236 2190 421 2261 secundum
430 2209 586 2263 naturam
596 2212 659 2263 est.
673 2223 690 2261 o
704 2197 851 2269 Attende
864 2204 949 2296 quid
963 2209 1092 2280 dicam:
1106 2214 1199 2305 quod

123 2306 254 2374 bonum
269 2322 339 2392 est,
355 2309 540 2379 secundum
552 2325 706 2379 naturam
719 2319 793 2381 eot²
806 2344 816 2401 3
831 2340 900 2385 non
913 2325 1086 2413 protinus,
1105 2330 1199 2420 quod

124 2419 315 2490 secundum
328 2438 483 2493 naturam
496 2440 567 2509 est,
584 2427 686 2495 etiam
701 2426 829 2497 bonum
839 2448 903 2500 est.
917 2437 1025 2506 Multa
1039 2434 1196 2534 ³quidem

124 2553 258 2605 naturae
272 2541 508 2628 consentiunt3
525 2539 586 2609 sed
602 2556 668 2610 tom
683 2543 807 2636 pusilla
821 2563 921 2633 sunt,
942 2566 1062 2623 utnon
1077 2581 1198 2629 convo-

124 2655 199 2719 niat
212 2651 281 2720 iliis
293 2650 375 2719 boni
391 2677 528 2722 nomen.
547 2656 650 2723 Levia
664 2657 756 2723 enim
769 2674 865 2742 sunt,
881 2678 915 2730 et
929 2672 1193 2762 contemnendo3

123 2767 258 2837 nullum
268 2784 318 2837 est
330 2766 525 2839 minimum⁴
541 2773 822 2843 contemnendum
836 2775 974 2848 bonum.
987 2787 1070 2853 Nom
1081 2812 1195 2879 quam-

120 3038 172 3101 tia,
184 3039 338 3103 coustantio,
348 3037 512 3112 ¹temperantis
521 3049 544 3089 st
552 3037 631 3091 seien-
680 3038 749 3109 quod
755 3038 851 3096 bonum
860 3043 895 3096 sit
903 3044 1000 3111 Noster,
1013 3057 1148 3111 crescendo
1158 3061 1189 3112 sd

120 3119 165 3171 tia.
175 3117 253 3191 Diog.
261 3119 343 3173 hert.
353 3117 418 3182 vll,
431 3136 485 3171 100.
495 3117 534 3169 ΟΕ
545 3116 632 3170 Tiede·
679 3134 808 3169 summum
819 3122 950 3191 pervenit,
961 3138 1035 3196 atque
1044 3141 1098 3183 tom
1107 3152 1189 3207 oeque

119 3216 206 3247 mano
219 3196 272 3264 111,
283 3216 309 3269 p,
320 3195 352 3249 58
366 3214 404 3266 sq.
415 3194 505 3248 Ruth.
661 3196 662 3204 ’
679 3193 766 3265 augeri
775 3213 857 3267 nsque
864 3198 947 3252 minui
954 3215 1047 3269 potest:
1056 3205 1120 3261 Cato
1128 3230 1190 3264 oon·

160 3293 181 3325 t.
193 3276 287 3342 Neque
302 3272 384 3339 bono,
400 3288 481 3343 oeque
494 3273 576 3325 molo.
593 3270 631 3323 Ea
679 3282 716 3322 tn
733 3290 773 3343 ap.
791 3271 943 3329 Ciceronem
956 3279 987 3331 de
1002 3299 1103 3338 sumno
1120 3286 1189 3343 bono

119 3366 196 3417 mg,
209 3352 304 3405 media.
312 3351 387 3420 Lips,
679 3347 808 3420 loquitur,
823 3353 891 3423 qood
902 3374 1008 3428 genere,
1018 3380 1072 3415 oon
1087 3369 1189 3440 magni·

156 3452 180 3482 ι.
193 3430 342 3484 Secundum
352 3440 477 3481 naturam
484 3439 530 3482 est.
541 3428 632 3500 Perpe-
678 3428 769 3481 tudine
786 3444 912 3485 cernatur.
930 3436 1029 3492 Vereor
1045 3442 1142 3510 tom'so,
1159 3458 1189 3498 ot

121 3528 176 3560 mo
193 3508 287 3579 volgo,
301 3519 327 3561 ot
342 3506 428 3559 invitis
442 3505 631 3569 mostis,etse-
679 3518 746 3558 recto
773 3507 1009 3583 philosophantibus
1036 3522 1187 3575 sententiam

119 3588 238 3640 cundum
251 3594 306 3637 not.
323 3594 381 3637 est:
394 3597 419 3639 et
432 3583 526 3637 deindo
540 3594 566 3637 et
581 3584 631 3635 bo-
678 3601 749 3635 susm
765 3585 907 3656 probaverit
919 3590 1017 3644 Seneca
1027 3610 1034 3644 t
1044 3614 1098 3647 non
1115 3600 1186 3651 onim

120 3684 186 3715 uum
197 3672 252 3727 est,
264 3662 307 3715 ubi
318 3666 399 3715 etiam
408 3662 504 3715 bonum
512 3671 553 3714 est
560 3680 629 3715 com·
679 3664 866 3736 magnitudine,
876 3668 920 3720 sed
930 3682 998 3723 recto
1004 3674 1121 3741 rationis,
1130 3679 1186 3732 sine

120 3744 200 3798 mosis
211 3744 372 3797 dederonto.
380 3762 402 3796 c.
414 3744 450 3797 R.
459 3741 540 3797 Scio.

157 3824 184 3873 3.
194 3820 287 3875 Multa
294 3824 398 3891 quidem
408 3830 511 3873 natm
521 3818 566 3872 rsi-
577 3817 630 3871 Bo·

121 3922 203 3967 num,
223 3901 273 3964 sit,
291 3900 430 3954 secundum
447 3912 562 3953 ostunm
579 3911 631 3962 est,

119 3979 166 4033 secl
181 3976 334 4053 pervenitad
351 3976 417 4029 iisne
434 3996 504 4030 soom
518 3977 630 4052 proprio·

120 4070 202 4110 tatem
216 4056 269 4127 ipsa
280 4054 467 4127 magnitudine.
480 4055 629 4119 Disseosos,

120 4136 169 4207 qui
182 4135 247 4188 inter
256 4134 378 4186 Nostrum
393 4144 418 4185 et
428 4131 482 4185 Cio.
494 4131 512 4183 i.
522 4130 540 4183 1.
548 4131 632 4184 inter-

119 4214 205 4277 cedit,
222 4212 255 4267 its
268 4211 399 4265 conciliari
417 4212 519 4265 fortasse
537 4222 631 4283 potest:

293 4309 353 4377 1v.
403 4388 409 4402 „

679 3760 739 3811 quo,
747 3755 777 3806 ot
788 3744 839 3815 ipse
850 3745 885 3797 nit
895 3746 941 3819 Ep.
952 3764 1023 3815 uvi,
1035 3770 1075 3820 ιι,
1086 3755 1186 3809 noiiom

678 3820 776 3874 bouum
791 3836 842 3889 est,
859 3845 907 3877 osu
925 3826 988 3880 illud
1003 3831 1100 3885 bonum
1117 3837 1186 3889 cerni

680 3898 767 3964 debet,
781 3901 803 3953 si
818 3913 919 3955 ceteros
929 3904 998 3960 δίου
1013 3922 1128 3964 auctores
1137 3932 1188 3967 oo-

679 3977 742 4030 diss.
754 3978 844 4030 Ruti.
921 4029 926 4036 ,

713 4054 737 4119 4.
750 4054 862 4108 Nouum
875 4067 915 4109 est
924 4062 1063 4113 mininum
1078 4077 1189 4119 contem·

681 4134 794 4185 nendum
802 4134 1189 4218 bouum.Sica.c.B.A.Vuigo

684 4210 747 4263 olim
760 4210 817 4264 edd.
826 4216 929 4266 nullom
937 4235 982 4268 nec
988 4220 1142 4287 minimumf
1150 4225 1190 4276 sd.

1011 4338 1057 4383 20
