2950 4934
242 415 487 487 pataron.
515 416 766 488 saorcoa.
791 418 890 489 ma.
916 423 968 490 11.
1005 517 1007 524 ,
1073 427 1138 522 ⁵7³

66 558 221 620 Materiam
233 560 388 643 preberet,
400 557 547 622 adrerum
560 557 698 643 deinceps
707 561 933 643 generationem.
945 561 1059 624 Deinde
1070 587 1140 647 pru·

65 669 201 749 genuisse
213 667 338 749 primum
354 663 503 726 Elementa
525 678 662 747 quatuor,
678 666 796 749 ignem,
813 688 937 748 aquam,
955 689 1066 746 aerem,
1078 683 1139 734 ten-

66 796 138 832 ram.
155 799 170 825 a
195 774 262 848 ait,
281 774 313 833 ia
325 771 464 854 pn'acr'pth
479 795 489 830 a
506 773 576 855 ipsis
593 771 743 834 Sacrorum
758 786 919 834 nostrorum
937 775 1041 837 verbis.
1062 777 1133 854 Ait,

63 899 147 960 quan
163 878 245 960 apud
259 899 291 939 se
306 888 387 938 essct.
409 876 460 938 Pie
482 889 511 938 et
533 877 662 961 pulchre.
684 880 763 940 Deus
784 901 836 942 sua
855 878 1013 962 perfectio,
1034 881 1138 960 sedes,

65 1003 188 1066 regnum
202 1006 212 1042 a

228 1087 759 1159 commemorandum:

63 1204 149 1264 utvir
157 1225 287 1264 summus
298 1206 387 1266 nostri
399 1206 451 1265 aevi
458 1204 530 1287 (Jul.
540 1202 646 1288 scal),
657 1207 687 1266 in
694 1207 826 1267 Carmine
836 1227 924 1289 snper
931 1206 995 1268 Deo
1003 1210 1135 1292 sctipsit,

63 1310 155 1390 plane
167 1310 277 1371 divino.
293 1311 372 1371 Deus
385 1311 460 1386 sibi,
473 1323 502 1372 et
516 1332 599 1371 suum
612 1312 640 1371 ei
654 1333 730 1386 esse,
748 1312 871 1373 sufficit:
890 1313 1010 1396 quidni?
1024 1315 1054 1374 in
1073 1317 1136 1398 ipso

63 1423 173 1498 omnia,
185 1422 249 1504 ipse
260 1423 366 1482 omnia.
379 1420 481 1505 ltaque
495 1420 616 1496 ffiuua,
630 1435 660 1483 et
669 1445 721 1504 pro
736 1420 861 1484 hnmana
871 1423 1063 1486 imbecillitate
1075 1427 1135 1486 istae

63 1528 247 1608 questiones,
263 1527 340 1604 Quid
356 1528 495 1603 iaciebat,
506 1529 652 1612 agitabat?
663 1528 719 1590 vel
728 1530 837 1590 Seneca
852 1544 948 1592 noster
963 1531 1134 1613 respondeat

61 1631 174 1714 (Epist.
188 1631 241 1716 rx)
258 1657 267 1693 a
286 1660 300 1688 a
315 1633 429 1717 Jupiter
443 1635 567 1696 resolute
581 1633 710 1708 mundo,
727 1646 757 1694 et
771 1634 825 1696 diis
837 1635 867 1695 in
878 1657 969 1696 unum
985 1636 1131 1714 confusis,

61 1739 204 1822 paulisper
214 1753 342 1802 cessante
354 1740 461 1801 Natura
473 1785 481 1814 ,
503 1740 657 1822 acquiescit
671 1740 724 1800 eibi
738 1783 747 1813 ,
765 1740 982 1822 cogitationibus
1000 1743 1059 1802 suis
1072 1753 1133 1802 tra-

61 1845 142 1906 ditus.
160 1873 175 1899 1·
194 1846 328 1931 Optime;
343 1850 387 1909 vis
411 1862 441 1910 et
455 1868 510 1932 ego
534 1847 643 1930 aliquid
662 1845 808 1924 audacter,
829 1849 890 1908 sive
910 1850 1033 1941 argute?
1049 1848 1130 1910 ldern

61 1953 134 2033 quod
148 1977 227 2015 nunc
240 1953 308 2015 facit
320 2000 330 2034 ,
345 1954 424 2018 iecit.
438 1954 545 2031 Erras,
557 1955 608 2038 qui
618 1956 650 2015 in
659 1954 720 2015 Deo
731 1967 860 2037 tempora
874 1955 1001 2039 dispares
1012 2000 1021 2031 ,
1033 1957 1129 2018 omnia

61 2059 85 2116 ei
99 2073 164 2121 sunt
176 2063 207 2122 in
222 2065 363 2145 presenti.
379 2064 467 2133 Poeta
478 2061 654 2124 Christianus
665 2063 733 2122 olim
746 2105 755 2135 ,
769 2061 903 2122 Claudius
914 2063 1014 2124 Victor
1027 2087 1035 2122 a

219 2179 392 2246 Regnabatqne
402 2184 490 2248 potens
500 2178 527 2228 in
537 2177 664 2241 majestate
675 2175 789 2238 creandi,

216 2267 250 2317 m
261 2266 374 2319 iacienda
382 2266 482 2329 ridens,
493 2265 663 2334 giguendaqne
672 2272 754 2316 mente
767 2266 849 2335 capaci

217 2359 311 2410 Saecula
322 2357 453 2427 dispiciens
467 2375 474 2406 a
489 2362 515 2406 et
525 2354 648 2426 quidquid
660 2361 771 2425 tempora
784 2357 903 2418 volvunt,

150 2445 155 2450 ’
218 2439 543 2518 Praeoemsemperhabenu
556 2445 779 2497 immenaummole
789 2445 860 2496 beata

214 2541 327 2606 llegnnm
338 2543 390 2587 erat
398 2537 449 2606 ipae
460 2553 540 2586 mum.

61 2635 100 2696 An
113 2637 210 2700 deerat
226 2640 393 2720 occupatio,
408 2637 466 2696 haec
477 2659 539 2718 qnae
560 2634 661 2710 fuere,
683 2655 746 2718 qua
762 2646 848 2708 snut,
870 2644 899 2693 et
915 2655 977 2716 quae
997 2637 1120 2712 instant,

60 2745 386 2829 contemplantichrgit
408 2740 556 2816 Laertius,
581 2740 742 2802 Esseaffim
763 2761 872 2801 ommm
892 2741 1011 2802 vendre.
1034 2742 1063 2802 Si
1085 2744 1122 2804 de

59 2849 141 2928 primo
151 2852 268 2912 conditu
285 2850 417 2932 intelligit
427 2893 436 2922 ,
446 2848 598 2908 Materiam
609 2868 680 2929 cape
695 2870 704 2906 a
721 2848 767 2906 sin
778 2845 815 2906 de
828 2848 1007 2928 reparatione
1016 2849 1120 2912 Mundi

59 2967 115 3031 post
137 2958 338 3031 exustionem,
355 2975 426 3037 cape
444 2954 545 3037 Ignem
562 2950 705 3035 reliquum
724 2965 753 3012 et
773 2953 802 3011 in
823 2973 857 3012 eo
876 2953 986 3012 semina
1009 2971 1116 3015 renum.

59 3056 110 3120 Per
117 3060 229 3124 Aerem.
242 3048 318 3146 Ergo
334 3062 382 3122 vel
391 3061 513 3122 Materia
525 3104 534 3135 ,
545 3061 591 3119 vel
601 3059 675 3142 ignis
686 3057 734 3120 ille
745 3059 870 3140 reliquus
883 3101 891 3134 ,
908 3062 983 3120 itere
993 3063 1115 3122 tenuior.

59 3157 92 3220 Et
105 3167 141 3225 ita
154 3181 198 3229 est
210 3191 219 3241 3
238 3170 373 3251 quoniam
386 3165 537 3226 tradebant
550 3165 636 3226 Stoici
653 3163 794 3237 diffundi,
816 3164 863 3224 vel
877 3175 968 3226 totum
987 3165 1118 3228 Vacnum

59 3268 121 3330 illud
132 3295 283 3357 occupare.
302 3272 486 3335 Contrahitur
504 3273 592 3354 igitur
608 3269 659 3331 sed
673 3269 835 3352 gradatim,
857 3283 885 3332 ct
894 3271 996 3333 habilis
1007 3275 1039 3333 iit
1050 3296 1118 3334 cor-

58 3397 147 3454 porum
157 3382 343 3465 generationi.
366 3381 463 3439 Primo
480 3391 574 3438 autem
586 3379 616 3436 in
634 3377 759 3452 Aerem,
774 3379 841 3458 quia
855 3377 988 3438 facillima
1001 3401 1034 3440 ea
1048 3403 1118 3440 mu-

57 3488 117 3544 tatio
127 3472 166 3548 'ab
182 3491 266 3573 Igne.
281 3486 417 3558 Deinde,
432 3486 491 3557 ait,
506 3481 544 3543 ln
563 3481 687 3566 Apama.
703 3481 774 3542 Hac
790 3483 877 3565 igitur
889 3487 1019 3565 proxima
1030 3483 1117 3546 facies

57 3587 190 3672 Materiae,
203 3617 294 3678 quum
304 3594 444 3654 elementa
455 3591 561 3673 genita.
576 3586 648 3649 ldco
660 3601 742 3648 vetus
757 3589 872 3671 opinio,
889 3616 902 3644 ιι
916 3591 1027 3671 Aquam
1038 3591 1115 3670 prin·

58 3695 152 3775 cipium
162 3723 258 3761 rerum
270 3721 331 3760 esse
343 3726 357 3752 a
370 3697 501 3772 ,Thaleti
516 3693 669 3775 adscripta.
686 3693 765 3769 Quid
774 3693 886 3756 Thaleti
895 3695 907 3756 i
917 3693 1038 3756 Homeri
1050 3705 1116 3756 ante

58 3799 127 3864 illum
140 3805 213 3882 fnit,
235 3807 313 3889 apud
329 3827 415 3887 quem
431 3804 509 3887 legas
522 3799 627 3885 (lliad.
646 3796 705 3883 ξ)ε

426 3960 518 3976 ......
532 3923 649 3991 ampelo
660 3923 742 3994 pindpo
