2950 4934
305 416 374 486 sss
595 415 637 483 ι.
662 413 842 484 suum
864 415 1084 514 sunnon

304 569 389 641 opus
403 560 455 615 est
469 545 581 614 alieno
594 545 756 631 consilio,
779 546 947 640 quomodo
962 546 1112 631 medico,
1129 545 1299 640 quomodo
1318 573 1382 643 gu-

302 661 484 732 bernatore
497 665 527 745 ¹,
543 663 712 756 quomodo
721 659 904 747 advocato,
920 679 955 733 et
967 663 1038 733 litis
1050 663 1247 734 ordinatore
1259 669 1287 732 ².
1304 668 1383 764 Pro·

213 826 218 832 -
303 775 396 846 derit
415 801 499 872 ergo
519 779 662 871 Sapiens
681 778 865 872 aliquando
888 781 1067 875 Sapientis
1091 780 1248 849 suadebit
1273 783 1379 848 enim.

303 891 373 962 Sed
386 894 423 961 in
439 893 508 962 illis
521 917 657 987 qnoque
673 897 809 990 magnis
823 919 864 964 ac
881 895 1029 976 divinis,
1051 911 1091 965 ut
1106 896 1270 980 diximus,
1287 919 1383 986 com·

209 1068 211 1071 .
304 1009 453 1078 muniter
480 1009 624 1080 honesta
647 1011 843 1096 tractando,
871 1027 906 1080 et
933 1012 1063 1081 animos
1090 1014 1384 1107 cogitationesque

249 1145 280 1198 23
304 1122 496 1212 miscendo,
514 1126 610 1195 utilis
623 1127 703 1195 e'rit.
719 1128 893 1198 Pretercn
903 1126 1088 1197 secundum
1109 1145 1265 1198 netumm
1280 1146 1334 1200 est
1350 1144 1385 1198 et

303 1242 429 1314 amicos
441 1241 639 1335 complecti,
660 1257 696 1311 et
708 1244 895 1314 amicorum
909 1259 1002 1326 actu,
1016 1258 1055 1312 ut
1068 1267 1129 1316 suo
1142 1243 1381 1337 proprioque,

303 1355 424 1426 letari.
444 1359 551 1440 Nem,
570 1359 636 1426 nisi
648 1359 714 1428 boc
727 1358 927 1443 fecerimus,
946 1383 990 1432 ne
1002 1361 1110 1432 virtus
1128 1357 1267 1452 quidem
1281 1361 1385 1430 nobis

303 1472 536 1567 permanebit,
555 1498 630 1566 qum
643 1471 835 1546 exercendo
848 1499 884 1544 se
899 1500 965 1544 usu
981 1476 1072 1545 valet
1083 1471 1111 1544 ³.
1132 1477 1250 1544 Virtus
1268 1493 1382 1545 eutem

298 1589 423 1666 [suadet
439 1593 620 1685 praesentia
636 1592 725 1662 bene
742 1592 926 1682 collocare,
947 1594 984 1664 in
1003 1593 1154 1663 futurum
1174 1595 1379 1678 consulere,

304 1705 514 1794 deliberare,
531 1723 567 1776 et
576 1707 762 1778 intendere·
769 1711 920 1779 animum
936 1736 945 1778 t
961 1690 1092 1780 facilius
1103 1707 1259 1780 intendet
1274 1711 1383 1803 expli·

247 1838 279 1905 ¹4
303 1823 474 1916 oabitque,
486 1825 547 1917 qui
558 1824 708 1918 aliquem
720 1825 786 1894 sibi
797 1829 1029 1922 assumpserit.
1045 1828 1180 1921 Quaerit
1190 1827 1306 1920 itaque
1321 1842 1382 1896 aut

302 1937 492 2031 perfectum
503 1940 628 2021 vinum,
640 1955 700 2008 ent
710 1941 960 2034 proficientem,
973 1941 1192 2035 vicinumque
1202 1941 1371 2034 perfecto.

301 2055 460 2124 Proderit
471 2072 584 2124 autem
597 2055 656 2125 ille
669 2057 858 2149 perfectus,
875 2059 902 2124 si
919 2057 1097 2140 consilium
1110 2058 1280 2126 communi
1296 2080 1382 2152 pru·

302 2171 420 2241 dentis
427 2173 569 2266 juverit.
590 2171 698 2241 Aiunt
713 2174 868 2244 homines
885 2174 962 2267 plus
984 2175 1021 2242 in
1044 2173 1156 2242 alieno
1169 2175 1309 2267 negotio
1328 2175 1382 2243 vi-

221 2325 227 2336 ·
304 2287 400 2371 dere,
414 2312 517 2381 quam
527 2290 564 2356 in
574 2312 651 2374 sno;
661 2288 728 2358 hoo
737 2290 807 2359 illis
816 2291 942 2373 evenit,
955 2313 1040 2382 quos
1049 2313 1144 2358 amor
1154 2291 1206 2358 sui
1218 2307 1380 2376 excaecat,

305 2404 500 2499 quibusque
512 2406 701 2500 dispectum
718 2407 876 2476 utilitatis
889 2407 991 2475 timor
1006 2407 1044 2474 in
1059 2405 1223 2500 periculis
1237 2409 1378 2478 excutit.

304 2522 451 2614 Incipiet
470 2545 591 2615 sapere
613 2521 768 2592 securior
781 2516 810 2605 ⁴,
833 2537 868 2590 et
891 2538 985 2592 extra
1003 2537 1130 2590 metum
1149 2523 1292 2616 positus.
1312 2521 1382 2591 Sed

304 2640 528 2713 nihilominus
545 2638 697 2732 quaedam
714 2656 813 2724 sunt,
834 2665 909 2732 quse
925 2642 1025 2710 etiam
1042 2641 1221 2734 Sapientes
1238 2639 1275 2707 in
1290 2639 1378 2722 alio,

250 2770 281 2823 ιδ
305 2779 406 2847 quam
428 2755 466 2822 in
483 2779 537 2837 se,
559 2754 760 2851 diligentius
775 2755 907 2826 rident.
930 2758 1100 2828 Praeterea
1116 2753 1202 2824 illud
1220 2751 1382 2824 dulcissi-

304 2895 397 2939 mum
410 2869 753 2964 honestissimumque
765 2863 800 2956 ⁵,
818 2871 909 2940 idem
926 2871 1015 2944 velle
1032 2887 1135 2964 atque
1155 2868 1248 2940 idem
1264 2870 1378 2956 nolle,

303 3097 434 3155 spectant,
452 3085 481 3137 in
499 3083 591 3156 quibus
611 3082 728 3157 gerendis
745 3082 814 3136 utilis
862 3081 950 3154 Vulgo
962 3100 1022 3150 qua
1032 3085 1061 3134 in
1072 3100 1157 3136 exem.
1168 3082 1212 3135 sed
1223 3083 1382 3156 prepositio-

304 3177 341 3217 est
352 3163 487 3237 prudentia
500 3177 525 3215 et
540 3164 659 3236 quaedsm
674 3163 813 3236 sapientia,
862 3180 922 3214 nam
933 3159 1163 3231 ignoranta.c.1i.
1172 3159 1208 3212 A.
1215 3160 1284 3212 Tum
1294 3180 1381 3214 sensu

303 3259 358 3292 non
369 3241 440 3294 illae
456 3241 518 3294 telo
533 3241 643 3313 delapsa,
658 3240 703 3294 sed
718 3261 748 3293 ex
761 3239 815 3293 bu·
863 3239 902 3291 ed.
914 3238 981 3290 Mur.
994 3238 1060 3311 Lips.
1076 3250 1100 3291 et
1113 3237 1194 3290 Gron.
1206 3257 1235 3290 ex
1249 3259 1302 3292 uno
1317 3239 1381 3291 Pin·

303 3337 380 3372 msna
396 3318 549 3391 experientia
564 3319 703 3392 desumpta.
862 3317 929 3370 cisni
945 3317 1002 3370 cod.
1020 3317 1061 3370 cui
1078 3317 1204 3374 consentit
1220 3318 1261 3371 ed.
1275 3319 1315 3370 A.
1327 3318 1381 3372 Alii

340 3397 815 3452 1.Gubermeore,..0rdimore.ilects
862 3413 951 3446 omnes
965 3412 1056 3455 sensu,
1071 3391 1141 3464 quod
1154 3394 1282 3446 revocarit
1292 3393 1380 3446 linbk.

301 3494 324 3527 c.
341 3473 377 3525 A.
392 3475 527 3545 Perpetem
537 3475 732 3543 gubematcrr'...
742 3478 814 3528 ordi-
862 3471 1021 3544 prudentiam
1039 3482 1063 3522 et
1079 3469 1206 3524 ustionem
1223 3469 1381 3544 intelligens.

302 3555 404 3613 ueteri,
416 3553 473 3607 edd.
484 3572 542 3605 curn
558 3573 605 3609 ms.
617 3566 676 3614 met
685 3553 726 3606 ed.
737 3555 772 3607 R.
783 3552 812 3607 S.
862 3551 990 3624 Equidem
1002 3569 1052 3603 usu
1065 3550 1204 3604 tenendum
1217 3549 1320 3623 putavi3
1332 3553 1378 3604 sed

337 3652 360 3684 2.
378 3631 448 3685 Ltus
462 3632 814 3704 ordinaton.1.e.jusiscon·
861 3632 1015 3699 videndum,
1034 3651 1067 3686 ue
1083 3645 1126 3685 rut
1139 3631 1191 3684 duo
1204 3631 1282 3685 verbs
1299 3651 1380 3685 eser-

301 3710 380 3774 snlto,
395 3709 441 3779 qui
456 3709 647 3783 respondendo,
660 3710 811 3778 scribendo,
860 3715 940 3766 sendo
948 3731 976 3766 se
984 3732 1011 3766 es
1019 3725 1103 3766 vetere
1111 3711 1209 3766 scholio
1217 3710 1378 3785 irrepserint,

302 3787 415 3841 terendo
428 3785 617 3840 consulentibus
626 3800 715 3860 presto
725 3802 810 3851 erant,
861 3803 905 3843 ent
915 3791 1056 3844 exercendo
1070 3802 1096 3844 et
1107 3810 1157 3843 usu
1167 3789 1287 3862 scriptum
1298 3809 1380 3863 opor-

302 3879 327 3918 et
337 3865 434 3938 legibus
445 3865 640 3938 interpretandis
653 3885 683 3918 ee
695 3867 811 3920 formulis
860 3870 951 3932 tuerit,
962 3883 1005 3923 rut
1014 3872 1158 3924 exercendo
1167 3889 1195 3923 se
1204 3888 1314 3937 usuque.
1320 3871 1354 3924 S.

300 3945 394 4018 agendi
405 3944 462 4015 lege
476 3944 665 4016 pmeribendu
675 3957 699 3997 et
708 3945 811 3998 cautio·
893 3947 917 4012 4.
928 3949 1038 4016 Incipiet
1046 3965 1136 4016 sapere
1143 3951 1263 4000 securior.
1271 3949 1322 4001 lut.
1331 3950 1380 4020 qui

301 4022 375 4076 nibus
387 4020 542 4075 exhibendis.
561 4021 601 4074 Cl.
620 4021 719 4094 Cujaeii
737 4022 810 4075 otm.
859 4025 969 4080 securior
981 4025 1037 4090 erit,
1049 4023 1207 4097 prudentiori
1215 4037 1301 4078 utetur
1315 4045 1381 4099 pro·

303 4100 347 4163 ¹8,
360 4097 400 4152 ²3·
413 4099 504 4154 Rudl‘·
859 4117 944 4178 speetu
955 4105 983 4157 in
994 4103 1114 4176 regendis
1124 4102 1234 4176 negotiis
1245 4103 1305 4156 suis.

333 4177 357 4228 3.
374 4175 444 4249 Quoe
457 4182 599 4235 exercendo
613 4201 642 4236 se
661 4200 711 4235 usu
730 4181 808 4234 vater.
894 4183 1135 4238 evremarum
1143 4183 1381 4242 dulet'ssimumbo·
