2950 4934
245 445 501 515 PHYSIOL.
527 446 789 518 s'rolcols.
815 450 912 520 LIB.
939 452 968 520 1.
1061 457 1129 550 ⁵²7

71 589 179 670 probam
192 587 317 671 aliquem
330 589 429 650 finem.
445 588 748 673 Aagmtinus(1VDe
761 591 845 652 Civit.
862 613 926 675 csp.
941 593 973 676 3)
988 617 998 653 s
1015 621 1030 649 a
1042 595 1131 660 tusas

69 694 200 777 quidquid
211 695 352 756 malorum
365 696 527 778 irmgamr,
542 715 603 758 nan
616 709 661 758 est
673 717 762 779 poena
775 699 923 775 ethninis,
945 702 999 762 sed
1019 703 1132 766 virtutis

70 823 190 862 examen.
205 827 220 855 s
235 801 372 885 Stringo,
388 803 441 862 etsi
454 802 557 863 inlato
571 803 609 865 ad
622 825 737 865 cursum
747 825 850 890 campo
862 829 873 886 r
888 806 945 868 sliu
954 828 1007 868 nos
1016 824 1129 872 vocant.

69 908 135 967 tna.
143 903 309 990 &eumen
322 905 424 968 leviter
437 919 538 984 teneo,
553 921 678 971 anttuus
692 909 801 972 Seneca
810 919 820 970 ἰ
829 907 907 972 hamc
918 913 997 988 audi,
1008 925 1038 976 et
1046 917 1133 978 tein-

69 1013 154 1096 dutge.
163 1013 219 1074 Ille
231 1035 301 1075 vero
313 1015 345 1074 in
358 1013 404 1075 his
413 1013 550 1079 noema
562 1037 621 1078 non
636 1038 807 1101 agnoscere,
825 1031 875 1080 aut
884 1021 1044 1104 approhare
1057 1023 1132 1084 Pm-

68 1120 215 1182 ridentians
230 1121 344 1184 videtur
368 1145 378 1180 ε
404 1135 481 1184 certe
497 1145 557 1183 non
571 1110 696 1207 semper.
714 1125 813 1188 Verba
837 1127 899 1208 ejus
926 1109 1149 1212 perpendenda,

67 1226 168 1310 (Epist.
186 1226 267 1310 xcv)
283 1252 292 1286 ι
313 1256 327 1283 α
344 1227 422 1290 Deos
437 1250 519 1303 esse,
548 1232 598 1314 qui
618 1232 752 1292 universa
765 1234 795 1292 vi
809 1255 861 1294 sua
877 1247 1057 1318 temperant,
1082 1259 1133 1320 spu

67 1332 173 1394 humani
184 1335 299 1416 generis
309 1333 429 1393 mtehm
439 1347 553 1418 gerunt,
566 1335 712 1399 interdum
721 1337 826 1397 emissi
838 1340 1026 1422 singulorum.
1044 1366 1059 1396 a
1072 1341 1133 1402 Scis

66 1441 220 1499 ermemba
230 1439 305 1499 bene
317 1439 421 1498 librata
433 1440 504 1500 dare
516 1463 525 1498 ε
539 1423 675 1523 quidhoc
686 1455 749 1517 est,
764 1439 842 1514 Deos
862 1443 997 1508 Universa
1009 1468 1110 1508 curare
1124 1471 1132 1520 ;

68 1542 175 1605 Generis
183 1545 271 1603 totius
280 1541 400 1605 humani
408 1539 533 1606 tutelam'
540 1567 640 1628 gerere
649 1588 660 1621 ,
672 1547 757 1606 etiam
769 1547 947 1628 Singuloncm
957 1595 966 1622 ,
979 1549 1032 1612 sed
1043 1551 1133 1614 Inter

66 1652 125 1710 dum
136 1653 152 1712 i
162 1651 260 1728 Quid,
274 1653 409 1732 inquam,
422 1653 477 1712 nisi
489 1653 634 1713 interdum
647 1654 754 1736 negligi
764 1665 793 1714 et
801 1655 921 1736 seponi?
930 1656 1132 1741 Consequitur,

67 1779 171 1838 quoquo
184 1770 214 1818 te
229 1770 323 1818 vertas
339 1782 347 1817 ε
363 1779 418 1818 nec
428 1758 507 1818 aliud
523 1759 555 1819 in
570 1771 666 1818 mente
682 1760 781 1819 sensit,
800 1757 854 1820 Est
868 1783 973 1845 nempe
982 1761 1037 1824 hoe
1054 1765 1134 1848 quod

66 1858 161 1922 Balbus
173 1863 224 1923 ille
239 1863 351 1924 stoicis
362 1863 441 1946 apud
454 1863 581 1924 Tullium
597 1864 743 1939 adfirmat,
762 1890 776 1919 s
790 1863 887 1928 Deum
901 1867 1028 1950 singulos
1038 1868 1135 1930 homi-

67 1991 112 2030 nes
125 1993 224 2031 curare
239 1997 253 2023 a
272 1993 281 2029 ε
297 1969 350 2030 sed
365 1992 432 2030 cum
452 1972 641 2054 exceptione,
662 1993 749 2054 wem
765 1971 871 2034 addit:
889 1999 904 2028 e
918 1974 978 2036 Nee
994 1995 1063 2036 vero
1078 1975 1134 2038 hoc

66 2075 101 2134 ita
112 2075 298 2136 refellendum
308 2089 369 2151 est,
380 2089 413 2135 ut
423 2077 448 2136 si
460 2077 603 2160 segetibus
614 2121 623 2151 ‚
635 2079 797 2138 nutriretis
812 2081 972 2162 cujuspiam
981 2094 1134 2164 tempestas

67 2187 209 2261 nocnerit,
227 2197 277 2246 aut
290 2185 398 2268 siquid
412 2207 429 2246 e
445 2188 510 2246 rita
525 2185 681 2247 commodis
697 2209 780 2248 casus
797 2188 945 2250 abstulerit
958 2213 967 2262 ς
984 2211 1067 2266 eum,
1087 2193 1135 2252 eui

66 2291 129 2371 qnid
140 2291 244 2352 horum
258 2291 414 2366 acciderit,
428 2305 477 2352 aut
487 2293 611 2352 inrisum
621 2291 686 2354 Deo
698 2336 707 2366 ,
720 2307 770 2354 aut
780 2294 941 2378 neglectum
954 2317 972 2356 a
983 2295 1049 2358 Dea
1058 2295 1135 2378 judi·

66 2418 165 2458 cemus.
192 2397 302 2482 Magna
324 2398 364 2458 dii
384 2411 503 2473 curent,
528 2419 616 2480 parva
635 2399 807 2481 negligunt5
823 2402 935 2482 magnis
956 2414 1052 2463 auteur
1066 2404 1136 2464 viris

67 2524 196 2587 prospere
207 2507 344 2566 eveniunt
354 2525 468 2586 semper
478 2525 578 2566 omnes
588 2525 634 2562 res
649 2526 658 2562 r
672 2504 815 2586 siqnidem
826 2507 894 2565 satis
905 2529 920 2565 a
932 2510 1035 2569 nostris
1044 2509 1136 2593 (Stoi-

66 2609 120 2691 cis)
129 2623 183 2671 eta
193 2611 326 2693 principe
337 2607 576 2691 Philosophorum
585 2609 700 2670 Socrate
713 2609 823 2670 dictum
835 2622 897 2685 est,
910 2610 947 2672 de
959 2613 1137 2676 ubertatibus

66 2714 178 2776 Virtutis
194 2729 226 2777 et
239 2717 339 2799 copiis.
355 2741 370 2770 r
383 2715 433 2798 (ΙΙ
446 2715 494 2776 De
504 2716 606 2776 Netur.
620 2712 734 2797 Deos.)
746 2715 816 2776 Haec
829 2715 898 2776 illuc
911 2730 998 2792 eunt,
1010 2732 1044 2779 ut
1057 2721 1135 2782 Deus

66 2823 175 2905 insuper
189 2823 315 2898 habeat,
330 2837 361 2884 et
372 2825 455 2904 quasi
470 2823 639 2895 connivent,
657 2822 763 2883 denarr
782 2819 929 2898 Externa,
953 2845 1011 2884 non
1032 2826 1136 2888 dentur
1164 2884 1168 2893 ,

64 2929 196 3012 singulis,
218 2929 299 2991 Bona
313 2930 375 2990 sive
395 2930 474 2990 Mala
499 2953 507 2988 a
530 2942 560 2989 et
579 2928 667 3003 satis,
687 2929 712 2988 si
726 2927 825 2988 Virtus
843 2929 918 2990 adsit
929 2952 939 3002 ;
955 2930 987 2990 in
1003 2952 1060 3012 qua
1075 2953 1134 2992 uns

65 3035 189 3098 Felicitas
199 3037 323 3097 etbestae
335 3038 398 3097 vitae
406 3058 527 3096 summa.
541 3033 579 3094 Et
589 3035 671 3094 Cotta
678 3035 709 3093 in
719 3031 956 3117 resellend0(1ib.
968 3035 1029 3110 ΙΙΙ,
1047 3034 1136 3118 extr.)

64 3165 174 3224 prorsus
180 3144 237 3204 boc
247 3144 451 3226 apprehendit,
461 3144 592 3222 &apulos
601 3165 656 3203 non
665 3144 762 3202 curari
767 3162 906 3224 sempera
918 3144 980 3204 Diis
992 3187 1001 3218 ,
1013 3165 1050 3204 ex
1059 3144 1136 3205 Stoi-

63 3272 156 3313 corum
169 3275 259 3314 sensu
274 3275 284 3312 a
305 3254 336 3312 in
350 3252 424 3325 hac,
442 3252 529 3325 dico,
543 3248 736 3311 Externorum
756 3262 847 3331 parte.
863 3250 922 3310 Ubi
934 3272 1022 3334 ergo,
1038 3251 1133 3334 hipsi,

64 3355 243 3421 Providentia
252 3372 302 3422 trra
315 3361 444 3420 omnium
454 3370 483 3419 et
492 3359 669 3440 singulorum
679 3357 692 3415 i
707 3356 786 3416 lars.
800 3356 941 3431 Immota,
952 3379 1005 3418 nec
1015 3358 1061 3418 hic
1069 3362 1135 3420 Au-

63 3465 154 3526 stellus
164 3468 300 3526 turbarit.
313 3466 421 3527 Seneca
432 3509 440 3539 ,
458 3477 487 3525 et
497 3464 546 3524 alii
559 3508 567 3538 ,
578 3463 689 3544 aliquid
699 3463 833 3523 vacillant
842 3487 851 3521 r
861 3464 913 3524 sed
921 3487 980 3524 non
989 3477 1022 3526 nt
1030 3468 1135 3527 nesciri

61 3573 111 3632 ista
119 3596 137 3633 a
147 3575 213 3634 Deo
221 3572 327 3634 iaciant
340 3571 411 3655 (non
420 3569 554 3654 opinor),
569 3569 621 3630 sed
629 3571 756 3651 potiente
766 3591 800 3630 eo
810 3613 818 3641 ,
829 3582 859 3631 et
872 3569 951 3630 velut
963 3571 1132 3632 connivente

62 3683 182 3742 evenire.
197 3681 235 3742 ln
245 3681 366 3742 Materia
377 3678 438 3738 hmc
451 3679 537 3740 insita
549 3689 649 3751 mant,
665 3688 699 3736 ut
712 3675 821 3737 (lienam
836 3691 900 3750 est,
920 3676 1043 3757 ideoque
1056 3699 1133 3758 qus-

60 3786 234 3850 dnmtennsa
244 3787 432 3848 Providentiae
442 3788 506 3869 lege
516 3798 649 3866 exempta
658 3807 667 3842 ι
677 3783 703 3842 si
713 3784 753 3844 ita
762 3784 878 3865 accipis,
891 3783 1007 3842 utnolis
1016 3784 1133 3844 irnmitti

60 3915 107 3968 ea,
118 3896 171 3956 sed
180 3897 319 3978 permitti.
334 3895 401 3956 Non
414 3893 493 3954 eliud
501 3891 548 3951 hic
562 3891 647 3952 rideo
660 3914 669 3950 s
693 3892 781 3950 immo
794 3890 865 3950 illud
878 3889 963 3950 rideo
972 3933 982 3963 ,
992 3889 1131 3951 Senecam

58 4013 114 4061 toto
125 4003 228 4064 libello
236 4002 282 4063 De
289 4003 466 4064 &mamm
475 4000 544 4061 huic
558 3998 700 4081 neglectui
714 3997 864 4058 adversum
872 4039 881 4069 ,
897 4009 928 4056 et
939 4018 977 4057 ex
991 3997 1132 4058 destinato

58 4113 167 4186 omnia,
179 4123 211 4173 et
222 4112 372 4186 consulto,
390 4124 420 4172 et
433 4111 509 4171 bono
523 4109 608 4168 etiam
622 4119 718 4167 nostro
729 4106 801 4165 fieri.
814 4103 872 4166 Sed
884 4105 943 4184 jam
954 4105 992 4165 ad
1001 4105 1129 4186 planiora

59 4229 86 4274 ct
99 4221 198 4280 minus
213 4239 323 4300 aspera.
