2950 4934
308 418 383 487 316
592 422 633 489 L.
658 418 836 487 tNNAEt
859 418 1077 489 SENECAE

306 570 430 617 nomen
453 548 652 641 imponunt,
679 564 772 618 tanta
794 550 835 617 fit
856 551 949 644 apud
966 549 1064 619 illos¹
1088 548 1169 617 boni
1190 547 1324 629 vilitas,
1344 565 1377 618 ct

267 690 281 722 ²
304 664 389 734 adeo
413 666 450 732 in
472 664 609 734 sordida
632 671 765 761 usqne²
787 666 976 736 descendit.
998 659 1209 735 Honesnsm³
1233 681 1372 759 putant,
1438 679 1441 685 '

305 780 361 848 cui
376 780 462 847 ratio
478 780 561 847 recti
579 780 684 853 officii
703 797 852 867 constat,
869 795 1049 874 tunquam,
1074 782 1131 875 pic
1146 795 1298 848 comtum
1315 804 1376 872 pa-

305 896 367 961 tris
379 907 604 977 senectutem,
620 892 772 986 adjutam
787 896 887 963 amici
900 909 1154 988 paupertatem,
1175 894 1297 961 fortem
1314 917 1376 961 ex-

304 1010 530 1104 peditionem,
551 1006 755 1103 prudentem
775 1009 1051 1102 moderatamque
1068 1010 1284 1079 sententiam.
1308 1010 1376 1077 Ista

305 1126 372 1195 duo
387 1124 524 1219 quidem
541 1118 725 1213 iacimns‘,
742 1125 803 1194 sed
815 1150 857 1195 cx
871 1150 953 1194 uno.
968 1126 1065 1195 Nihil
1078 1142 1131 1193 cst
1142 1128 1291 1211 Bonum,
1308 1127 1376 1193 nisi

304 1242 398 1335 qnod
412 1242 593 1312 honestum
609 1258 680 1330 cst,
699 1240 792 1334 quod
804 1230 992 1309 Honesusm
1007 1258 1076 1325 cst,
1095 1243 1215 1335 utiquc
1231 1242 1372 1311 bouum.

304 1361 558 1453 Supervacuum
566 1357 687 1451 judico
701 1357 869 1451 adjicere,
887 1356 973 1450 quid
988 1358 1080 1426 iuter
1093 1358 1156 1426 istu
1169 1356 1376 1426 discriminis

206 1568 207 1571 Ἴ
305 1478 373 1559 sit,
388 1500 493 1569 quum
510 1499 599 1569 saepe
617 1466 799 1546 dixerim⁵.
819 1478 892 1557 Hoc
903 1498 1009 1547 unum
1026 1472 1135 1543 dicem
1145 1523 1156 1559 ,
1174 1473 1262 1542 nihil
1275 1474 1375 1542 nobis

304 1592 426 1663 bonum
440 1591 550 1661 videri
557 1642 572 1678 ,
587 1616 656 1684 quo
669 1593 747 1685 quis
760 1608 796 1660 ct
807 1591 895 1665 maie
908 1593 959 1659 uti
978 1604 1090 1684 potest
1105 1616 1115 1658 s
1132 1588 1230 1659 vides
1239 1604 1372 1671 autem,

305 1708 451 1793 divitiis,
471 1708 668 1789 nobilitate,
688 1709 842 1794 viribus,
862 1732 964 1801 quam
982 1706 1079 1776 multi
1097 1706 1183 1775 male
1201 1722 1356 1775 utuntur.

263 1824 283 1883 3,
351 1829 451 1895 Nunc
469 1848 552 1921 crgo
578 1826 623 1894 nd
644 1825 680 1894 id
699 1820 898 1906 revertor‘,
920 1823 964 1893 de
988 1848 1055 1917 quo
1076 1822 1249 1892 desideras
1271 1822 1341 1893 dici
1365 1852 1373 1891 ε

307 1966 324 2009 o
344 1938 523 2033 Quomodo
536 1940 580 2008 nd
591 1964 653 2009 nos
669 1942 780 2034 prima
795 1940 880 2014 Boni
894 1940 1105 2030 Honestiquc
1118 1938 1375 2032 notitinpcrvc-

302 2056 404 2123 norit.
421 2081 438 2119 o
458 2058 532 2125 Hoc
546 2072 742 2125 nosnatura
755 2055 877 2125 docere
890 2078 960 2123 non
973 2054 1087 2147 potuit
1102 2078 1110 2120 ι
1131 2054 1262 2121 semina
1274 2054 1374 2122 nobis

302 2173 451 2241 scientim
470 2171 584 2258 dedit,
604 2174 780 2251 scientiam
800 2198 870 2241 non
882 2170 989 2240 dedit.
1009 2168 1159 2267 Quidam
1174 2171 1291 2257 aiunt,
1310 2194 1373 2239 nos

301 2289 339 2355 in
352 2289 505 2356 notitiam
515 2289 697 2379 incidisse,
713 2289 806 2382 quod
819 2296 870 2358 cst
885 2285 1109 2369 incredibile,
1120 2287 1257 2357 virtutis
1267 2286 1371 2355 alicui

301 2404 448 2497 speciem
467 2428 547 2480 casu
563 2406 750 2478 occurrisse
768 2432 776 2473 :
792 2403 890 2474 uobis
907 2402 1043 2473 videtur
1056 2402 1245 2475 observatio
1263 2401 1371 2471 cotic-

336 2640 356 2673 ι.
372 2622 588 2696 Tantafitapnd
598 2627 658 2679 ilios
669 2628 730 2679 boni
742 2628 811 2679 ottt-
859 2624 923 2679 ficiis
943 2644 991 2692 so,
1011 2626 1081 2696 quod
1101 2623 1156 2678 btee
1174 2621 1373 2697 praescriptiones

298 2708 349 2752 tos.
365 2700 407 2753 Sic
426 2702 564 2767 Erasmus,
586 2702 663 2757 editio
687 2702 766 2775 antiq.
786 2716 811 2757 et
828 2695 832 2703 ¹
859 2704 920 2759 dent
928 2704 1033 2757 nonnisi
1041 2703 1153 2756 inbreve
1161 2714 1259 2776 tompus
1267 2701 1374 2773 etqnasi

299 2798 388 2831 omnes
399 2779 475 2852 palat.
489 2784 523 2834 As
540 2782 672 2835 Muretus:
684 2792 761 2835 tanta
771 2793 811 2835 est
858 2781 985 2853 qnotidie,
998 2781 1060 2835 ittut
1072 2781 1205 2835 honestum
1216 2800 1278 2834 sero
1290 2780 1321 2833 in
1332 2792 1373 2833 tc·

298 2878 343 2925 op.
352 2857 397 2911 rel.
408 2857 499 2911 liuto.
856 2872 909 2917 tam
920 2859 1012 2925 vitam,
1029 2871 1054 2913 et
1069 2859 1139 2931 qnod
1156 2857 1242 2912 officia
1254 2878 1271 2910 a
1281 2857 1372 2932 primis

223 2992 228 3003 ,
329 2956 353 2987 s.
374 2936 412 2987 1η
438 2938 550 2989 sordida
572 2956 665 3009 usque,
685 2959 712 2991 a.
733 2958 754 2991 e·
774 2938 809 2989 A.
857 2934 1372 3002 naturaeoriantur,bonestumautembof

297 3010 384 3083 Vulgo
398 3032 480 3081 usque
495 3016 536 3067 ad
548 3017 669 3077 sordido,
685 3035 714 3067 ea
731 3015 767 3067 R.
779 3010 809 3065 S.
858 3038 972 3089 numque
990 3016 1043 3069 illis
1060 3017 1124 3069 adeo
1138 3014 1208 3069 band
1224 3015 1305 3069 semel
1319 3014 1371 3069 sd-

328 3090 747 3153 3.Honestum...sententiam.Ad
753 3110 809 3149 ms-
858 3095 953 3150 temari
969 3093 1118 3159 videantur;
1131 3093 1177 3145 ists
1191 3092 1314 3163 qpoestio,
1326 3093 1370 3145 cui

188 3212 194 3229 ,
295 3166 336 3219 dia
348 3167 431 3239 itaque
443 3174 570 3237 referunt,
586 3193 638 3245 qno
651 3170 807 3236 officia,se-
856 3170 1379 3246 bierespondetNoster,enodandavenit„
1463 3235 1464 3248 χ

293 3246 406 3299 cundum
426 3249 537 3317 Stoicos,
557 3251 679 3323 pertinere
699 3263 810 3312 constat.
854 3251 946 3321 dequa
958 3248 1011 3321 jsns
1022 3249 1083 3302 inde
1099 3270 1114 3302 a
1133 3248 1242 3304 Socratis
1253 3262 1371 3322 tempore

294 3324 432 3379 Enimvero
453 3327 531 3380 Stoici
550 3327 622 3381 aliter
643 3328 784 3382 statuebant
795 3368 803 3391 ,
854 3328 1040 3401 disputaverant
1050 3326 1213 3401 philosophi,
1225 3339 1312 3386 numm
1321 3348 1367 3380 sa-

291 3401 384 3476 quippe
403 3423 467 3474 quos
483 3405 577 3477 primos
591 3406 658 3459 inter
668 3406 804 3459 honestum
853 3409 948 3482 pientia
959 3427 973 3462 a
986 3421 1075 3460 natura
1088 3409 1121 3469 sit
1134 3428 1167 3460 an
1182 3407 1268 3460 doceri
1281 3407 1364 3478 possit.

255 3526 258 3529 .
291 3494 315 3533 et
322 3481 440 3535 decorum
450 3483 601 3550 distinxisse,
611 3506 657 3539 nec
667 3486 762 3539 bonum
771 3484 803 3536 ab
853 3484 956 3540 Platoni
965 3486 993 3538 iu
1003 3484 1115 3539 Menoue
1127 3496 1152 3538 st
1162 3482 1301 3557 Protagora
1312 3484 1364 3554 pla·

290 3558 396 3613 honesto
414 3582 537 3635 separasse
555 3578 622 3617 recte
635 3564 723 3641 Cicero
739 3584 803 3638 pro-
851 3562 903 3616 cuit
913 3564 972 3632 θείᾳ
982 3564 1052 3632 μοίρᾳ
1065 3564 1118 3616 ἄνευ
1135 3569 1175 3615 νοῦ
1192 3582 1240 3613 nos
1254 3562 1284 3613 in
1298 3560 1364 3614 bane

289 3640 424 3693 nuntiavit.
436 3640 525 3694 Rubi.
850 3642 967 3694 notitiam
976 3642 1095 3694 incidisse
1106 3659 1113 3693 z
1124 3641 1204 3693 Stoici
1218 3640 1363 3694 tribuebant

322 3720 346 3783 4.
356 3718 416 3770 Ista
423 3719 802 3791 duoquidemsoeimus.Nem·
849 3719 947 3773 rationi.
961 3719 1000 3773 Ci.
1021 3719 1076 3772 Cic.
1092 3719 1124 3771 de
1140 3718 1201 3770 Fiu.
1214 3718 1266 3782 ttt,
1282 3736 1326 3781 ro,
1338 3732 1362 3770 et
1463 3769 1464 3774 ,

289 3816 320 3867 pc
333 3816 379 3849 nos
392 3796 480 3849 Stoici.
493 3798 565 3868 lips.
850 3798 937 3851 Garve
949 3796 1094 3863 Uberstctt,
1103 3817 1127 3870 p.
1137 3795 1232 3866 bqsqq.
1240 3795 1361 3866 Quinque
1463 3805 1464 3814 ¹

323 3876 345 3927 5.
361 3874 451 3946 Quum
466 3894 534 3945 sape
552 3876 677 3927 dixerim.
692 3874 721 3927 E.
738 3896 760 3927 e.
773 3874 801 3927 in
849 3886 931 3926 antem
938 3874 1021 3928 modis
1031 3872 1178 3927 fierirernm
1185 3872 1289 3928 notitias
1298 3874 1362 3927 dice·
1463 3877 1464 3934 ἶ

288 3952 367 4025 Epist.
381 3968 475 4006 cxvttr.
488 3953 577 4007 nott.
850 3952 892 4005 bat
903 3953 975 4006 Zeno
986 3953 1054 4026 apud
1065 3950 1210 4025 Diogenem
1223 3953 1306 4004 Laert.
1316 3951 1358 4003 lib.
1463 3971 1464 4014 1

321 4029 345 4081 o.
360 4031 436 4083 Nnoc
453 4048 513 4099 ergo
529 4032 569 4083 ad
585 4033 616 4084 td
628 4041 739 4085 revertor
755 4032 800 4085 rel.
851 4031 914 4094 Vll,
932 4050 985 4105 cap.
998 4032 1029 4083 52
1039 4050 1076 4101 sq.
1090 4048 1146 4102 quar
1163 4050 1221 4082 cnm
1241 4030 1287 4094 iis,
1303 4046 1358 4098 qne
1463 4057 1464 4060 ¹

288 4104 376 4180 Quum
386 4107 464 4159 Stoici
471 4106 694 4174 demonstrassent,
703 4110 801 4163 bonnm
852 4112 943 4163 Noster
955 4110 1053 4183 posuit,
1071 4110 1135 4163 bens
1148 4109 1282 4164 conciliari
1298 4128 1359 4182 pos-

288 4180 472 4255 bonestnmqne
482 4204 548 4250 esse,
564 4199 587 4239 st
600 4186 702 4241 differre
714 4187 746 4240 ab
757 4191 801 4242 df·
851 4202 917 4243 sunt.
932 4188 1019 4241 nott.
1110 4204 1114 4209 ’
