2950 4934
384 445 840 517 nr1sronacav11.
1085 468 1152 537 ²97

77 594 187 675 potest
197 584 223 647 ¹.
239 576 421 647 Imbecillae
434 578 557 647 mentia
570 578 635 646 ista
649 590 729 646 sunt
743 574 862 657 verba,
876 587 911 641 et
921 572 987 640 hac
1000 570 1154 643 detesta-

77 700 169 767 tione
179 702 195 733 ²
205 694 476 766 misericordiam
490 693 669 788 captantis.
683 692 760 761 Non
771 689 847 759 vult
857 689 944 757 mori
952 688 1033 782 ,qui
1044 703 1150 781 optat.
1180 700 1213 751 25

78 818 167 883 Deos
185 814 291 882 vitam
310 827 346 879 et
361 810 503 881 salutem
521 830 623 903 roga;
638 808 666 877 si
684 806 772 876 mori
793 804 941 901 placuit,
962 802 1022 873 hie
1038 805 1156 873 mortis

79 945 129 998 est
146 929 301 1014 fructus,
319 942 438 1023 optare
455 923 626 995 desinere.

125 1046 229 1127 Haec,
247 1044 293 1112 mi
317 1041 450 1124 Lucili,
474 1056 677 1125 tractemus3
698 1035 754 1104 his
777 1035 960 1105 formemus
981 1030 1153 1103 animum!

79 1164 160 1229 Haec
172 1174 227 1228 est
241 1157 425 1251 sapientia,
442 1157 509 1224 hoc
523 1170 574 1223 est
588 1177 728 1249 sapere3
750 1176 842 1236 non,
859 1151 1158 1246 disputatiunculis
1197 1138 1208 1149 ’
1264 1146 1267 1152 ’

78 1275 241 1347 inanibus
254 1272 474 1341 subtilitatem
484 1271 700 1341 vanissimam
714 1270 859 1363 agitare.
873 1269 944 1337 Tot
956 1268 1158 1360 questiones
1200 1310 1205 1321 ι

80 1394 220 1461 fortuna
230 1389 293 1458 tibi
307 1389 444 1484 posuit:
464 1384 618 1458 nondum
632 1387 709 1455 illas
721 1384 852 1455 solvisti
864 1411 875 1472 3
886 1384 960 1478 jam
971 1382 1155 1452 cavillaris.

79 1508 195 1600 Quam
211 1506 351 1575 stultum
367 1520 436 1590 est,
454 1528 559 1599 quum
575 1505 710 1597 siguum
724 1524 851 1597 pugnae
870 1501 1063 1596 acceperis,
1077 1523 1160 1570 ren-

80 1615 220 1693 tilare³l
239 1626 388 1693 Remove
400 1624 465 1691 ista
480 1620 607 1690 lusoria
620 1644 732 1707 arma,
752 1608 975 1687 decretoriis⁴
993 1640 1078 1712 opus
1091 1631 1155 1685 est.

80 1742 146 1811 Dic
155 1790 168 1827 ,
189 1763 258 1835 qua
274 1740 406 1809 ratione
424 1738 519 1811 nulla
536 1738 687 1807 animum
706 1735 867 1818 tristitia,
893 1733 988 1803 nulla
1014 1732 1160 1803 formido
1185 1745 1218 1800 as

80 1857 279 1955 perturbet,
293 1881 361 1952 qua
374 1857 505 1926 ratione
523 1854 591 1925 hoo
607 1868 817 1923 secretarum
833 1852 1058 1947 cupiditatum
1070 1875 1159 1947 pon·

82 1977 146 2046 dus
168 1973 356 2045 effundam.
382 1972 515 2069 Agatur
539 1963 712 2068 aliquid⁵t
735 2007 777 2022 -
805 1969 1014 2064 «Sapientia
1032 1968 1161 2037 bonum

81 2110 151 2178 est,
173 2116 296 2188 sapere
317 2115 387 2161 nou
410 2105 462 2160 est
480 2090 607 2161 bonum
624 2116 658 2159 s.
676 2090 733 2158 Sic
749 2088 810 2174 lit,
833 2084 906 2181 [ut]
924 2110 1091 2184 negemur
1105 2109 1161 2155 sa-

82 2200 210 2303 pere⁶,
231 2222 270 2276 ut
291 2207 358 2276 hoc
375 2222 482 2278 totum
501 2206 651 2276 studium
666 2202 885 2286 derideatur,
902 2218 1064 2295 tanquam
1077 2224 1161 2296 ope-

82 2344 199 2399 ratum
217 2326 449 2421 supervacuis.

130 2442 250 2539 Quid,
273 2444 302 2517 si
328 2444 432 2519 scires
454 2443 556 2511 etiam
584 2439 672 2509 illud
698 2441 828 2534 quaeri,
857 2464 944 2509 ean
967 2440 1093 2510 bonum
1118 2441 1164 2509 sit

81 2653 149 2709 uis?
158 2655 210 2707 Int.
221 2654 327 2725 qnando
341 2656 411 2729 eupit
423 2654 525 2707 evenire
535 2652 601 2707 illud
684 2642 708 2706 5'.
729 2653 839 2722 Agatur
859 2653 971 2722 ols‘pur'd.
994 2652 1079 2705 Vertit
1101 2653 1164 2707 Lu-

81 2733 294 2807 quamprimuru?
305 2734 327 2787 si
334 2754 394 2788 vere
402 2754 504 2809 cuperes
512 2754 602 2804 quam·
646 2752 766 2803 granges
779 2734 885 2786 Vestem
893 2731 1000 2802 aufuit.

81 2811 195 2881 primum
202 2811 364 2884 mori,teipse
374 2812 457 2866 statim
465 2811 601 2878 occideres,
623 2832 626 2837 ·
683 2812 708 2866 6.
719 2812 819 2883 Ss'cfit,
830 2819 863 2865 ut
873 2831 997 2881 negemur
1002 2830 1100 2880 sapere.
1106 2810 1164 2865 Vo-

80 2886 234 2942 nechoram
246 2901 344 2943 naturas
357 2900 517 2959 exspectares⁴
652 2890 736 2943 culam
744 2902 775 2944 ut
788 2910 817 2944 ex
828 2890 937 2963 conject.
951 2888 1049 2962 adjeci,
1062 2889 1106 2942 sed
1114 2910 1164 2942 uu-

115 2965 299 3039 t.Cs'ts'usfiers‘
305 3005 313 3033 ,
322 2973 598 3037 qrwmoplasfflotesl.
649 2968 714 3021 cinis
726 2968 826 3035 notavi,
842 2988 895 3039 quo
912 2968 1036 3021 lectorem
1047 2967 1079 3021 de
1094 2988 1164 3021 eon-

80 3043 173 3112 Quia,
187 3064 269 3115 quum
285 3064 354 3098 mors
368 3044 486 3097 invocata
502 3041 599 3105 aderit,
650 3042 746 3115 jecturs
753 3063 808 3096 nou
815 3044 892 3097 nimis
899 3056 965 3098 terta
971 3045 1167 3099 monerem-Sic

78 3134 137 3174 tum
151 3123 218 3174 mori
233 3121 315 3175 uoles.
327 3121 390 3175 Her
402 3134 440 3174 est
454 3118 539 3172 fabula
554 3138 600 3171 no·
641 3123 694 3189 fit,
705 3140 830 3190 negemur
838 3140 930 3191 sapere
942 3123 1013 3177 dedit
1024 3143 1071 3178 ms.
1084 3144 1111 3177 a.
1118 3123 1164 3179 Su

78 3201 126 3253 stri
136 3198 182 3253 ῘΔ
190 3202 333 3253 Fonteius:
345 3197 388 3253 Lu
396 3199 472 3252 Mor!
480 3208 505 3251 et
513 3201 538 3251 lc
546 3197 600 3250 Bri·
641 3200 683 3269 fit
695 3217 704 3251 t
720 3218 842 3269 negemus
853 3220 945 3270 sapere
957 3222 978 3255 c.
996 3203 1033 3255 A.
1042 3201 1080 3257 R.
1092 3203 1163 3257 Hinc

79 3278 191 3345 citeron,
200 3278 247 3332 lib.
256 3280 285 3339 l,
299 3277 338 3331 ιθ,
650 3278 771 3330 Erasmus
784 3297 814 3330 rx
828 3278 936 3351 conjeet.
949 3279 1030 3333 edidit
1046 3280 1113 3336 :Sic
1122 3286 1164 3337 sit.

113 3376 140 3409 a.
151 3356 342 3409 Detestatt'eue.
354 3352 490 3429 Significat
499 3352 543 3407 hie
554 3354 600 3407 ob-
648 3352 781 3423 Nrgemus
792 3374 893 3425 sapere.
900 3356 1021 3428 Denique
1031 3358 1165 3416 Muretus:

78 3433 262 3500 testationem,
283 3452 330 3485 uec
344 3432 494 3507 compositio
507 3431 601 3484 minuit
649 3431 692 3487 Sic
702 3436 754 3488 ss'lt
764 3453 886 3503 negemur
895 3454 986 3504 supere
995 3438 1092 3489 unum
1101 3458 1164 3492 esse.

78 3510 135 3563 vim
152 3510 224 3563 verbi
238 3510 375 3584 simplicis,
391 3510 435 3563 sed
453 3521 538 3584 auget.
555 3510 601 3562 Est
648 3509 818 3580 S.—lut.sie,
826 3510 920 3566 seilicet
930 3513 984 3566 istis
995 3514 1165 3587 disputatiun-

79 3590 153 3643 euirn
167 3590 277 3663 precatio
287 3602 312 3642 et
322 3601 421 3643 votum.
433 3590 507 3659 lips.
651 3587 729 3655 culis,
739 3585 770 3641 fit
783 3600 812 3641 ut
824 3608 909 3664 sapere
923 3609 1060 3661 negemur,
1073 3609 1165 3663 nempe

112 3668 141 3718 3.
157 3668 302 3721 Verritum.
313 3666 452 3723 Proludere
463 3681 488 3721 et
497 3668 602 3721 brachis
651 3665 696 3737 qui
706 3679 806 3719 tantum
818 3666 992 3736 impendimus
1001 3666 1115 3720 studium
1125 3688 1166 3722 sc·

78 3756 160 3815 atque
181 3764 250 3799 arma
270 3746 426 3821 inspeciem
445 3758 601 3820 ventumque
650 3744 784 3814 quireodte
793 3744 831 3797 rei
843 3764 1005 3818 supervacuae
1016 3763 1024 3799 t
1035 3764 1126 3820 nempe
1135 3747 1165 3800 in

75 3819 187 3891 jactare.
202 3824 227 3875 Δ
246 3822 351 3876 theatris
370 3823 503 3896 saeuisque
526 3844 602 3878 snm·
651 3842 681 3876 eo
697 3823 827 3876 studemus
846 3837 875 3876 ut
888 3823 1037 3895 sapiamus:
1054 3825 1125 3895 atqui
1142 3826 1165 3879 si

76 3912 167 3971 ptum.
182 3898 220 3954 Gi.
230 3901 344 3975 lipsium
356 3902 384 3954 in
397 3902 502 3955 Satura.
509 3902 550 3966 ll,
562 3923 601 3976 ¹9·
651 3923 743 3973 sapere
754 3923 810 3957 nou
820 3904 918 3957 bonurn
930 3918 979 3970 est,
992 3904 1123 3960 studemus
1136 3906 1164 3960 iu

76 3976 199 4029 Seriveri
209 3996 265 4051 opp.
276 3978 366 4051 philol.
377 4002 401 4053 p.
413 3998 453 4032 ar.
464 3981 555 4034 Ilultlt.
650 3981 820 4055 supervacuis.
827 3982 924 4034 Forsan
932 3994 956 4034 et
965 3982 1069 4035 verbnm
1077 4002 1167 4053 super-

110 4059 138 4122 4.
152 4052 311 4110 Πανείοήίε
328 4058 345 4109 i.
363 4058 452 4123 seriis,
466 4058 557 4128 quibus
569 4058 600 4111 de
651 4063 840 4133 vomisspeetat
848 4059 997 4133 simpliciter
1007 4059 1040 4112 ad
1054 4058 1165 4113 futilita-

75 4132 131 4183 vita
151 4132 307 4187 decernitur.
325 4135 365 4190 Gs.
385 4134 416 4191 de
430 4136 554 4191 Clemeut.
571 4140 598 4205 l,
651 4149 701 4189 tem
710 4136 799 4189 harum
808 4136 1008 4212 disputationum
1021 4158 1091 4209 ,quse
1101 4137 1166 4191 nnl-

78 4214 123 4276 14,
138 4210 197 4283 Ep.
209 4224 262 4277 cst,
277 4214 316 4279 ad.
651 4216 706 4269 lum
720 4218 830 4270 fructum
843 4217 936 4272 lerunt.
