2950 4934
316 366 385 455 oto
685 362 1018 434 rosrrnrrsu

314 510 384 572 dum
398 511 565 571 mixtionem
582 510 699 571 rationis
717 511 942 593 progenitorum.
955 534 972 563 o
987 507 1209 571 Obscuriuscnla
1226 508 1297 569 mibi
1315 514 1393 586 ista,

315 642 368 680 nec
383 620 442 679 seio
454 639 491 678 an
502 619 629 692 sincere,
644 629 693 677 nut
706 616 803 699 plene.
819 614 978 677 Numenius
989 616 1107 698 quidem
1118 618 1149 677 iu
1160 616 1286 678 Eusebio
1297 662 1307 692 ,
1320 619 1395 679 ube·

312 728 373 787 rius
387 723 511 807 profert,
527 735 559 783 ut
574 723 696 783 Zenonis
712 720 801 783 verba
818 744 826 781 r
845 749 860 775 e
874 720 976 781 Semcn
993 722 1033 781 nit
1047 722 1126 785 Zeno
1145 744 1227 797 csse,
1251 722 1333 805 qnod
1349 726 1395 783 vir

313 832 417 891 emittit
426 852 492 889 cum
501 828 647 903 llumido,
661 830 771 888 Anime
780 840 892 909 partem
902 840 931 887 et
940 828 1135 903 avrrlsionem,
1151 831 1269 889 seminis
1281 851 1394 911 proge-

315 940 440 997 nitorum
457 937 627 1017 temperiem
648 948 676 995 et
697 936 852 995 mixturam
865 934 1006 995 occultam
1019 936 1128 995 Anima
1142 937 1277 1016 partium.
1293 962 1309 990 ι
1323 936 1394 1011 Qu

316 1046 392 1105 clara
407 1054 491 1117 sunt,
509 1056 558 1103 aut
575 1055 659 1102 erunt
673 1062 690 1101 e
704 1040 833 1101 dicendis
846 1064 854 1100 ι
867 1052 897 1100 et
909 1063 1008 1124 pergo.
1023 1043 1088 1115 Ait,
1104 1067 1119 1095 α
1128 1038 1199 1101 Esse
1209 1040 1362 1123 Spiritum.
1377 1068 1391 1093 ι

316 1150 380 1211 Νοιι
396 1150 488 1210 solum
503 1148 621 1231 quidem
637 1170 645 1207 r
662 1148 775 1207 Humor
788 1147 888 1208 adest:
900 1147 952 1208 sed
967 1148 1027 1207 vim
1043 1158 1073 1207 et
1087 1148 1240 1207 efficaciam
1254 1147 1391 1231 gignendi

316 1258 345 1315 in
362 1258 470 1338 Spiritu
485 1256 582 1337 ponit,
600 1276 722 1334 eumque
737 1254 816 1315 velut
829 1254 952 1315 Seminis
968 1255 1119 1315 essentiam
1133 1276 1166 1313 ac
1179 1266 1324 1315 naturam.
1336 1256 1393 1315 Ar-

316 1375 483 1445 gumentum
499 1384 516 1421 a
530 1360 686 1421 seminibus
703 1361 733 1419 in
748 1372 854 1419 terrem
866 1361 948 1439 jactis
963 1383 972 1418 ε
986 1382 1023 1419 an
1036 1358 1169 1420 bumanis
1182 1359 1266 1442 (quie
1277 1359 1318 1421 de
1329 1360 1392 1420 Ho-

316 1470 393 1527 mine
410 1464 572 1549 loquitur),
590 1478 618 1527 ct
631 1466 851 1527 masturbatores
868 1464 945 1527 loeda
961 1488 994 1526 re
1009 1479 1039 1527 et
1051 1468 1167 1527 nomine
1182 1466 1342 1551 intellip't?
1356 1490 1392 1526 an

316 1574 352 1633 dc
368 1572 484 1655 frugum
501 1572 657 1633 seminibus
674 1571 832 1653 simplicius
847 1573 929 1653 capi,
950 1594 1013 1655 que
1033 1573 1236 1633 vetenscentie
1255 1573 1392 1655 pleraque

315 1682 419 1741 scimus
430 1702 488 1739 non
500 1680 636 1761 gignere,
652 1678 760 1759 Spiritu
772 1676 912 1739 exhausto
921 1693 972 1738 aut
980 1692 1160 1739 vanescente.
1175 1679 1297 1762 Spiritui
1307 1682 1393 1762 igitur

315 1788 446 1847 tribuunt
461 1787 546 1846 etiam
568 1788 598 1844 in
614 1785 742 1845 Homine
757 1807 773 1844 a
788 1786 885 1845 simili.
905 1784 1013 1847 Seneca
1030 1785 1085 1866 (ll
1100 1786 1226 1862 Quat,
1242 1806 1309 1868 cep.
1325 1784 1366 1869 6)
1381 1810 1389 1843 r

319 1893 570 1953 «Consideremus
592 1914 677 1974 quam
694 1894 840 1975 ingentem
854 1892 913 1955 vim
927 1914 980 1975 per
1000 1895 1142 1953 occultum
1164 1907 1253 1977 agent
1273 1896 1390 1976 parvula

317 2002 472 2063 admodum
487 2002 595 2062 semina
609 2024 617 2059 z
630 2012 658 2059 et
674 2022 796 2081 quoram
815 2001 927 2061 exilitas
947 2003 978 2061 in
996 2005 1180 2063 commissura
1196 2002 1329 2085 lapidum
1343 2005 1389 2061 rix

312 2110 407 2169 locum
418 2110 563 2181 inveniat,
579 2109 607 2167 in
621 2118 731 2166 tantum
743 2106 944 2167 convalescunt
955 2120 988 2167 ut
997 2110 1123 2190 ingentia
1131 2130 1201 2169 saxu
1214 2106 1387 2179 dismabent,

314 2229 342 2275 et
358 2226 543 2275 monumento
559 2213 724 2273 dissolvunt.
744 2214 807 2273 Hoc
823 2214 895 2296 quid
910 2225 954 2275 est
966 2214 1063 2288 uliud,
1083 2238 1170 2297 φιιιιι
1189 2216 1315 2275 intensio
1327 2218 1389 2297 spi-

314 2324 403 2395 ritus,
430 2324 493 2381 sine
512 2342 570 2403 qun
587 2305 628 2380 nil
652 2320 797 2394 validum,
814 2334 843 2381 et
864 2334 962 2381 contre
980 2343 1067 2403 qoem
1092 2324 1134 2383 nil
1156 2323 1280 2383 validius
1298 2324 1385 2383 cst?-

313 2429 379 2489 lloc
390 2430 538 2509 adspectu,
550 2426 647 2499 credo,
660 2426 794 2487 dicebant
803 2426 899 2510 (quod
907 2426 1075 2489 Plutarchus
1084 2431 1216 2504 miretur,
1225 2443 1256 2490 et
1263 2430 1387 2500 domum,

313 2535 359 2595 De
371 2536 451 2595 Com.
469 2532 551 2615 Not.)
566 2558 574 2591 ε
594 2532 720 2593 αδοιῃειι
734 2535 858 2615 amplius
871 2547 902 2593 et
914 2535 1051 2617 grandius
1065 2558 1144 2610 esse,
1160 2558 1251 2618 quam
1262 2538 1343 2618 quod
1354 2558 1389 2595 ex

313 2662 347 2701 eo
361 2642 487 2723 gignitur
497 2666 511 2693 n
526 2662 534 2697 r
549 2661 607 2699 non
621 2637 738 2699 modulo
749 2652 798 2698 aut
813 2642 989 2721 quantitate,
1004 2641 1057 2701 sed
1071 2643 1204 2703 efficacia.
1217 2642 1389 2724 Quanquam

314 2762 342 2808 et
357 2747 473 2808 modulo
489 2748 519 2805 in
536 2746 728 2828 quibusdam,
745 2759 778 2806 ut
799 2748 829 2805 in
847 2746 945 2829 Igne,
967 2760 1032 2829 post
1050 2748 1322 2833 conflagrationem,
1338 2752 1388 2831 qui

312 2866 354 2913 est
372 2854 475 2914 Semen
493 2851 604 2911 mundi.
622 2852 667 2910 Ab
686 2851 741 2909 hac
757 2873 843 2911 causa
860 2850 1003 2934 (Spiritu,
1020 2851 1107 2935 dico)
1120 2866 1150 2914 et
1164 2863 1238 2935 ᾡσις
1253 2854 1330 2915 dicte
1344 2859 1389 2913 ni-

313 2961 396 3021 detur
409 2959 510 3020 Stoicis
527 2964 560 3028 ὧς
574 2965 599 3021 is
611 2966 713 3037 φύσεσιν
729 2958 795 3020 οὖσα
812 2984 820 3018 r
838 2986 852 3011 «ι
866 2958 991 3034 Natum,
1005 2960 1084 3042 quod
1099 2962 1137 3021 sit
1151 2963 1182 3021 in
1201 2962 1349 3044 spiritibus
1362 2977 1389 3021 et

311 3066 524 3140 inflationibus,
549 3078 577 3125 et
594 3064 708 3124 diffusio
725 3066 940 3147 proportionum
964 3090 997 3126 ac
1015 3088 1211 3127 numerorum.
1226 3094 1242 3120 ι
1266 3066 1319 3127 Εςι
1333 3070 1389 3151 igi-

311 3187 357 3235 tur
372 3195 468 3233 semen
491 3174 632 3251 Spiritus:
658 3172 793 3254 istcipsc,
817 3199 831 3225 ι
844 3194 947 3255 corpus
966 3174 1074 3234 Zenoni
1093 3173 1155 3255 (eit
1174 3174 1385 3257 Plutarebus):

312 3283 420 3341 bnimae
438 3282 514 3339 enim
530 3280 697 3361 particulam
718 3279 845 3339 avolsam
862 3300 934 3339 esse.
949 3306 964 3331 a
983 3282 1111 3355 Animae,
1127 3305 1185 3342 non
1198 3284 1289 3343 totins
1310 3308 1319 3342 ε
1338 3264 1387 3343 sed

310 3390 372 3468 ejus
388 3388 529 3469 partium,
550 3398 582 3445 ut
597 3398 674 3445 unte.
692 3384 833 3466 Epicurus
847 3410 906 3447 uon
920 3386 1095 3450 dissimiliter
1110 3388 1245 3451 dixerat:
1260 3419 1275 3445 α
1285 3392 1387 3453 sema·

310 3497 435 3577 eorporis
455 3508 484 3554 et
505 3494 604 3553 animm
626 3493 782 3553 detractam
801 3506 922 3575 partem.
936 3520 951 3547 a
975 3494 1071 3577 Pergit
1087 3494 1242 3557 Laertius:
1262 3498 1387 3558 «Atotis

309 3602 475 3685 corporibus
490 3600 628 3659 delinere.
655 3628 667 3652 »ι
685 3598 723 3659 Et
739 3622 825 3659 causa
841 3599 976 3660 additur:
993 3624 1061 3661 nam
1077 3615 1106 3663 et
1121 3614 1181 3661 tota
1195 3624 1318 3685 cnrpora
1330 3603 1387 3665 ion

308 3723 386 3785 mat,
405 3708 456 3769 sed
474 3720 502 3769 et
517 3708 604 3781 vitia,
619 3720 669 3766 aut
684 3706 764 3767 dotes
780 3708 922 3789 partium,
939 3730 1013 3789 saepc
1027 3710 1145 3792 effingit.
1162 3710 1383 3793 Trismegistus:

312 3846 325 3874 ι
341 3819 437 3893 Quum
459 3816 604 3899 generatio
628 3837 725 3875 semen
752 3815 881 3895 seponit,
906 3816 1001 3874 evcnit
1014 3827 1047 3875 ut
1062 3837 1098 3877 ex
1112 3818 1247 3879 omnibus
1261 3822 1385 3901 corporis

308 3924 436 4007 partibus
452 3923 574 3983 essentia
587 3921 715 4003 quaedam
733 3920 835 3997 influat
850 3933 877 3980 ct
892 3922 1029 4003 inspiret,
1045 3920 1143 3982 (livine
1156 3926 1341 4005 operatione,
1356 3939 1384 3985 nt

308 4036 337 4093 in
357 4032 478 4091 hominis
494 4032 523 4089 lit
539 4042 611 4089 ortu.
628 4056 641 4081 ι»
659 4002 878 4109 lnspirbtioncm
893 4028 953 4087 sive
967 4027 1103 4109 Spiritum
1120 4031 1207 4090 etiam
1225 4031 1267 4091 ibi
1285 4046 1382 4103 notes,

306 4153 333 4198 et
353 4140 495 4221 sapienter
512 4136 659 4209 additum,
678 4134 714 4195 ‹le
732 4135 892 4213 operatrbnc
904 4134 1017 4208 divino,
1041 4158 1103 4218 qua·
1116 4137 1246 4219 prolecto
1266 4144 1341 4201 ortui
1357 4154 1382 4201 et
