2950 4934
246 461 491 535 PHYSIOL.
517 460 773 535 sTOtcou.
798 463 894 535 LIB.
920 462 997 533 111.
1089 462 1160 557 649
1225 494 1231 508 ·
1260 522 1263 527 ,

81 606 199 685 concipi
214 603 369 681 Animum,
386 626 441 673 nec
454 623 521 665 cum
537 606 632 666 carnis
646 606 813 689 ligulntione
828 606 973 689 compingi
989 614 1075 687 utque
1087 625 1162 685 pro·

81 709 172 787 duci,
189 711 240 773 sed
256 723 286 771 et
304 712 396 771 effuso
412 712 472 793 jum
487 724 573 793 purtu
597 710 728 773 nondum
751 713 817 775 vivo
837 710 961 786 insonti,
984 710 1161 773 extrinsecus

80 817 220 899 imprimi.
239 818 378 879 Gaetmrm
394 839 494 878 semen
510 838 547 879 ex
561 817 734 893 concubitu,
749 817 938 881 muliebribus
951 817 1022 877 locis
1036 836 1161 898 seques-

49 1001 54 1007 ·
79 936 189 985 uotum
201 966 211 998 ‚
226 925 478 1008 compinguescere
489 926 521 985 iu
533 925 624 986 solum
637 924 826 986 substantiam
843 926 937 985 cornis
949 947 958 984 ε
975 944 1039 985 eam
1054 922 1162 985 editum

80 1044 112 1091 et
127 1030 165 1103 de
176 1031 251 1091 uteri
268 1029 384 1092 iomce
398 1029 579 1107 firmantem,
596 1044 627 1091 et
645 1032 740 1093 calore
755 1032 898 1106 solutum,
913 1042 947 1091 ut
960 1029 1068 1092 serrum
1081 1032 1163 1113 igni-

80 1150 162 1211 tum,
178 1149 208 1197 et
229 1136 338 1201 ibidem
362 1135 473 1220 frigide
494 1138 681 1212 immersum,
697 1140 738 1198 ito
753 1138 827 1199 aeris
842 1138 937 1220 rigore
951 1156 1116 1218 percussam
1133 1148 1163 1197 et

79 1245 143 1303 vim
156 1243 310 1308 animelem
322 1263 443 1325 rapere,
460 1256 491 1305 et
502 1245 631 1306 vocalem
644 1266 747 1305 sonum
763 1243 897 1305 reddere.
914 1242 978 1303 lloc
992 1242 1074 1305 stoici
1094 1264 1160 1303 cum

78 1344 266 1409 AEnesidemo
278 1390 287 1421 ‚
298 1359 328 1407 et
339 1348 402 1430 ipse
415 1346 561 1408 interdmn
572 1348 663 1407 Plum.
676 1373 691 1401 ι
706 1347 803 1408 Potest
818 1347 922 1407 clarius
937 1344 1010 1407 edici
1020 1345 1059 1406 de
1067 1343 1162 1406 Stoico

78 1454 191 1515 sensu?
213 1455 249 1515 In
272 1455 364 1517 Utem
385 1456 431 1539 ru'l
449 1456 633 1517 ubicmuem
649 1454 816 1537 compingi5
832 1454 965 1513 Animam
988 1454 1160 1514 emuimecus

78 1563 229 1643 inprimi,
251 1561 341 1645 idque
361 1560 456 1643 tffitso
473 1562 542 1644 jam
557 1572 668 1643 puriter
683 1573 846 1636 etenum,
862 1550 982 1621 minime
999 1559 1086 1621 dubio
1112 1571 1162 1621 out

79 1668 221 1750 implexa.
240 1668 319 1744 Quid
331 1668 516 1745 quentius,
530 1670 599 1731 sctis
613 1668 737 1753 diligens
749 1664 871 1729 tolitmst
891 1665 955 1726 Lib.
970 1664 1037 1742 lli,
1049 1688 1076 1727 c.
1097 1664 1134 1728 18
1149 1690 1159 1727 r

81 1802 97 1830 κ
113 1774 294 1859 Pythagon'ci
305 1789 335 1838 et
343 1777 442 1852 Stoici,
454 1800 544 1859 quum
553 1778 690 1839 timerent
700 1786 900 1860 argumentum
910 1774 995 1847 illud,
1002 1796 1061 1857 quo
1074 1774 1161 1835 colli-

78 1884 162 1966 gitur
175 1904 293 1944 necesse
310 1904 373 1943 esse
394 1896 428 1944 ut
441 1884 573 1945 occidunt
595 1884 706 1945 Anime
720 1905 787 1945 cum
801 1882 968 1964 corporibus
981 1922 991 1956 ,
1011 1883 1080 1963 quio
1093 1902 1160 1943 cum

78 1990 249 2072 corporibus
267 2002 441 2071 nuscuntur,
456 1990 593 2052 dixerunt
613 2012 672 2051 non
690 1992 771 2051 nosci
786 1990 927 2065 Animus,
951 1986 1004 2049 sed
1019 1989 1158 2049 insinuari

80 2098 179 2179 potins
193 2099 224 2157 in
241 2115 371 2178 corporo.
390 2122 405 2151 n
422 2097 521 2158 Utitur
538 2097 707 2158 lusinuondi
720 2119 792 2159 voce
807 2098 935 2179 opposito
948 2140 958 2171 ,
972 2118 1030 2177 quo
1044 2094 1159 2176 sliquo-

79 2205 138 2263 ties
153 2202 324 2277 Lucretius,
341 2204 373 2262 in
386 2202 489 2264 Stoicis
501 2202 661 2265 relirtondis
675 2227 684 2276 ς
699 2226 767 2265 nom
782 2203 845 2263 illos
859 2204 984 2263 maxime
1003 2201 1159 2285 intelligit,

79 2332 174 2393 quum
189 2310 316 2373 studiose
327 2310 402 2371 bunc
418 2312 590 2373 senteutiam
604 2312 728 2393 repellit.
743 2312 823 2373 inter
837 2308 980 2393 olio'(lib.
1000 2310 1048 2372 111
1063 2309 1159 2371 multis

80 2416 233 2500 versibus)
247 2441 256 2478 ε

248 2547 366 2597 neura
376 2546 398 2595 si
411 2544 557 2597 immortslk
565 2551 654 2596 uotum
661 2544 759 2595 Ammoi

248 2633 868 2705 Gouht‚etinocrpusnssceutibnsiuriuurmr:

246 2728 298 2780 Cur
309 2746 383 2799 asper
393 2734 532 2781 totarum
542 2734 639 2779 etstan
647 2727 786 2779 meminisse
798 2723 947 2796 nequimus?

82 2811 195 2873 lterum
212 2834 221 2870 r

246 2940 348 3007 onte
359 2941 423 2995 rou
432 2948 505 3011 μω
515 2942 664 2993 eumen·
675 2942 823 2993 immun

245 3032 389 3091 lemnum
396 3034 506 3115 onim
516 3032 587 3084 uobis
597 3050 642 3102 per
651 3032 761 3084 membru
771 3033 857 3085 solem.

80 3138 183 3199 Tertio
198 3161 208 3197 c

250 3268 303 3317 Nec
311 3273 395 3317 tamen
405 3274 457 3330 est,
469 3272 499 3317 nt
506 3267 562 3332 jorn
572 3264 688 3337 perlectis
699 3267 834 3319 insinuetis

183 3395 188 3405 .
246 3356 404 3425 coeperim.
551 3433 555 3444 Ι

81 3477 133 3537 Ex
148 3477 254 3559 quibus
271 3478 382 3558 liquet,
395 3478 503 3539 dixisse
518 3500 599 3541 acres
615 3476 823 3560 Epicureorum
838 3475 933 3539 bostcs
943 3476 1069 3553 Stoicos,
1082 3480 1160 3539 Ani-

80 3605 163 3645 mam
175 3583 291 3645 aliunde
302 3583 439 3645 advenire
448 3586 480 3644 in
489 3606 604 3668 corpus,
613 3606 669 3645 nec
678 3606 746 3645 cum
757 3605 791 3645 co
799 3585 885 3667 igitur
894 3585 998 3665 perire.
1013 3583 1156 3645 Plutarch.

81 3694 154 3751 item
166 3691 321 3751 clarissime
335 3689 402 3773 (De
413 3692 520 3775 Pugnis
530 3689 642 3773 Stoic.)
659 3716 667 3751 r
686 3719 700 3746 α
714 3691 892 3775 Chrysippus
907 3705 1004 3753 censet
1017 3691 1118 3752 loetum
1128 3694 1158 3751 in

80 3811 167 3859 utero
177 3798 235 3873 ati,
245 3802 425 3881 utpluntum.
438 3800 534 3875 Qsmm
544 3812 640 3861 autem
649 3801 682 3859 in
692 3801 787 3861 lucem
798 3800 891 3861 editus
906 3812 964 3873 est,
978 3798 1158 3882 frigefactum

81 3928 121 3966 ex
138 3926 204 3965 nero
218 3919 247 3966 ct
260 3904 446 3981 induratum,
470 3917 580 3967 mutare
594 3905 754 3988 Spiritum,
771 3918 799 3965 et
813 3905 875 3966 lieri
896 3906 1020 3965 Animal.
1035 3931 1048 3958 n
1065 3906 1157 3965 Immo

81 4014 197 4095 longius
213 4013 314 4087 ibunt,
334 4026 363 4074 ct
383 4025 493 4095 purtem
507 4013 588 4073 Uteri
605 4012 748 4073 iaciebant
761 4011 872 4073 soetum.
891 4012 973 4075 Idem
990 4009 1158 4073 Plutarchus
1237 4060 1239 4065 .

80 4119 135 4200 (V
146 4120 190 4178 Dc
206 4117 281 4178 Ploc.
298 4142 363 4201 cop.
386 4117 440 4198 ιδ)
457 4143 465 4177 2
484 4146 498 4171 u
513 4118 593 4178 Pluto
607 4120 647 4179 uit
658 4119 770 4179 Foetum
786 4120 816 4177 in
828 4131 929 4191 utero,
945 4118 1059 4177 Animal
1074 4139 1154 4187 esse;

82 4248 151 4285 nam
165 4238 195 4286 et
206 4228 315 4287 moveri
338 4226 397 4300 ibi,
415 4239 443 4288 ct
466 4228 514 4286 nli.
537 4227 645 4300 Stoici,
669 4239 780 4307 portem
796 4248 856 4290 cssc
874 4228 963 4308 ipsius
983 4228 1079 4301 uteri,
1096 4248 1153 4286 non
