2950 4934
281 422 346 487 312
562 422 603 488 L.
629 419 807 488 ANNAEI
830 418 1047 492 SENECAE

280 550 373 641 ipaa,
402 564 440 614 ut
463 548 509 615 ita
533 546 642 617 dicam
655 561 677 629 ¹,
711 546 831 617 mundi
854 548 1000 619 claustra
1018 552 1221 645 perrumpit.
1247 550 1353 644 Quod

280 680 408 733 naturae
425 666 587 753 natitent,
607 665 738 733 homini
756 689 826 740 non
838 661 907 734 eet!
925 668 1088 736 Inventus
1104 683 1173 753 eet,
1190 669 1251 761 qui
1269 692 1353 737 con·

280 784 470 876 cupisceret
480 782 611 876 aliquid
621 798 697 876 post
706 782 947 851 omniattanta
956 797 1008 851 cat
1018 785 1151 853 caecitaa
1163 786 1348 869 mentium,
1462 861 1463 872 χ

280 915 314 967 et
336 912 428 967 tanta
448 900 621 967 initiorum
640 922 776 968 cunnum
799 898 1004 989 unicuique,
1029 922 1135 991 quum
1159 902 1347 995 processit,

235 1039 252 1093 9
279 1013 404 1082 oblivio
417 1011 426 1079 i
439 1014 500 1083 Ille
508 1065 519 1101 ,
539 1014 637 1083 modo
650 1012 813 1109 ignobilia
824 1013 966 1108 auguli²
980 1038 1049 1083 non
1062 1016 1141 1084 aine
1150 1031 1350 1084 controver-

279 1130 329 1195 sia
346 1128 521 1212 dominus,
549 1144 638 1197 tacto
658 1129 727 1203 fine
754 1120 946 1195 terrarum³
964 1150 1028 1220 per
1053 1151 1150 1197 auum
1175 1127 1350 1197 rediturus

279 1245 413 1326 orbem,
433 1246 538 1314 tristia
558 1261 620 1324 ent.

327 1360 503 1427 Neminem
526 1360 670 1453 pecunia
689 1356 830 1425 divitem
853 1356 962 1425 fecit:
983 1358 1084 1425 immo
1102 1374 1241 1437 contra,
1263 1358 1351 1426 nulii

280 1498 347 1541 non
369 1474 527 1566 majorem
551 1476 602 1543 aui
626 1472 845 1567 cupiditatem
865 1473 1018 1541 incuteit.
1035 1474 1191 1566 Quaeria,
1211 1499 1289 1569 quta
1305 1477 1351 1545 ait

279 1589 382 1681 hujus
399 1590 448 1657 rei
469 1588 594 1656 cauca?
618 1586 698 1657 Plus
719 1586 841 1680 incipit
862 1586 991 1656 habere
1017 1582 1160 1682 pomc⁴,
1185 1591 1247 1683 qui
1271 1590 1349 1686 pina

223 1732 250 1777 ιο
279 1704 394 1773 habet.
416 1702 470 1775 Ad
492 1726 674 1785 summam,
699 1726 801 1795 quem
820 1701 913 1771 voice
938 1701 1021 1770 mihi
1040 1728 1082 1771 ex
1102 1705 1176 1788 hia,
1202 1728 1349 1798 quorum

279 1819 415 1888 nomina
426 1844 500 1888 cum
516 1820 636 1888 Cranno
650 1819 853 1911 Licinioque
866 1812 1129 1904 numerantur⁵,
1147 1823 1185 1889 in
1196 1823 1348 1892 medium
1462 1885 1463 1888 ,

280 1938 360 2005 licet
377 1936 574 2030 protraham
594 1936 713 2004 afferat
731 1960 890 2018 censum,
911 1946 965 2022 ct,
981 1935 1152 2031 quidquid
1171 1938 1295 2023 habet,
1315 1957 1351 2010 et

279 2050 449 2145 quidquid
468 2067 597 2146 sperat,
619 2051 718 2120 simui
737 2067 934 2146 computet:
955 2052 1040 2135 iste,
1057 2055 1087 2122 ni
1105 2054 1189 2123 mihi
1209 2054 1346 2140 credis,
1462 2077 1463 2088 ¹

280 2185 489 2264 pauperem,
501 2170 528 2237 ai
542 2169 623 2251 tibi,
639 2183 844 2262 potestesse.
856 2167 901 2237 At
911 2168 989 2254 hic,
1004 2170 1064 2262 qui
1078 2194 1115 2249 nc
1125 2168 1170 2237 ad
1180 2171 1239 2254 id,
1255 2171 1349 2267 quod

280 2300 400 2352 natura
418 2284 543 2375 exigit,
568 2284 775 2377 composuit,
799 2306 869 2351 non
892 2298 1020 2351 tantum
1036 2299 1130 2352 extra
1142 2308 1280 2353 aeneum
1297 2301 1349 2356 eut

224 2428 250 2463 ιι
278 2400 504 2493 paupertatis,
521 2396 580 2465 aed
599 2412 693 2466 extra
710 2414 848 2466 metum.
869 2396 956 2481 Sed,
977 2415 1016 2467 ut
1034 2401 1138 2483 aciae,
1156 2424 1260 2493 quam
1278 2402 1348 2471 dif-

277 2516 369 2589 ficile
385 2518 445 2599 ait,
477 2538 530 2583 rea
552 2538 628 2583 suaa
649 2512 693 2582 ad
711 2514 899 2583 naturalem
921 2511 1057 2584 modum
1073 2531 1265 2603 coarctare,
1290 2518 1348 2602 hic

277 2633 368 2725 ipae,
392 2656 491 2727 quem
506 2632 597 2699 circa
611 2646 765 2699 naturam
782 2630 946 2716 dicimus,
966 2655 1066 2723 quem
1089 2648 1125 2700 tu
1141 2656 1243 2701 vocae
1257 2658 1348 2727 pau-

275 2772 391 2842 perem
401 2732 414 2831 ,¹
431 2747 534 2816 habet
550 2746 681 2840 aliquid
699 2762 733 2815 at
750 2749 963 2840 supervacui.
981 2748 1027 2817 At
1043 2765 1213 2817 exeoecant
1230 2774 1347 2844 popu-

276 2866 364 2949 lum,
390 2881 424 2933 et
443 2866 479 2935 in
496 2886 532 2931 ae
551 2842 754 2931 convertunt
777 2886 878 2956 open,
901 2865 928 2931 ai
954 2865 1122 2932 numerati
1144 2864 1289 2953 multum
1306 2890 1349 2936 ex

275 2982 390 3074 aliqua
405 2981 504 3051 domo
523 2980 680 3063 effertur,
701 2980 728 3049 ai
753 2977 894 3054 multum
913 2980 987 3053 anri
1007 2995 1096 3047 tecto
1115 3004 1253 3074 quoque
1273 2984 1349 3076 ejua

272 3234 388 3285 claustro
403 3248 458 3297 per.
482 3242 506 3281 ct
527 3246 602 3293 mox,
619 3238 680 3299 pust
696 3230 788 3281 munia
834 3228 845 3293 (
854 3248 899 3302 pm
910 3230 996 3295 tacto)
1009 3226 1093 3281 dabat.
1104 3228 1183 3283 &hw-
1194 3256 1229 3270 -
1245 3229 1349 3304 Lipcius

273 3309 354 3373 lucem
369 3307 502 3381 accipiunt.
514 3306 604 3360 nuta.
835 3306 869 3363 tit
880 3326 887 3359 ε
897 3306 994 3362 divinet
1006 3306 1114 3377 aliquis,
1124 3308 1226 3363 δάκω.

309 3409 329 3441 ι.
341 3388 459 3455 Etipsn,
471 3398 500 3440 ui
508 3392 546 3441 itu
556 3390 652 3441 dtcam.
665 3389 708 3442 Sic
716 3408 786 3442 cum·
867 3386 891 3451 ⁴·
904 3384 970 3437 Plus
983 3387 1073 3451 Incipit
1086 3384 1180 3437 habere
1191 3402 1276 3453 posse·
1285 3382 1347 3435 Ha·

272 3467 348 3519 mode
358 3486 378 3519 c.
389 3466 423 3517 A.
437 3468 472 3519 n.
486 3466 580 3519 Aberat
589 3466 667 3539 vulgo
678 3470 745 3536 ἐμω.
755 3466 785 3521 S.
833 3461 891 3519 bere
901 3464 967 3518 velie
982 3461 1161 3526 desiderum,
1177 3462 1222 3517 ted
1238 3462 1277 3527 nii
1291 3482 1349 3520 mu·

305 3563 328 3595 π.
339 3543 392 3595 ΙΙΙε
402 3545 479 3597 modu
488 3544 717 3613 ignobiiiscngnli.
728 3546 784 3597 Ma·
833 3548 887 3597 tant
897 3536 965 3592 libri·
975 3536 1056 3592 Schw-

271 3618 782 3684 eeduniae,nontinecontroversiatbeiia
865 3616 890 3667 5·
909 3613 1030 3684 Quonam
1046 3617 1155 3668 numito
1172 3635 1232 3669 cum
1250 3613 1348 3667 Crasso

271 3696 338 3749 enirn
353 3697 376 3749 ei
390 3698 498 3770 gerenda
506 3699 607 3750 inerant
615 3716 673 3757 tum
682 3698 781 3771 popuii·
832 3690 978 3761 licinioque
994 3703 1173 3747 numerantur.
1195 3691 1347 3765 speciatum

270 3775 420 3847 quibusdam
433 3776 537 3841 vicinia,
550 3774 681 3839 Triballis,
694 3774 780 3842 Getis,
832 3780 884 3821 ent
899 3768 969 3840 quod
986 3769 1060 3824 dabat
1072 3790 1118 3823 mr.
1134 3791 1162 3827 a.
1178 3789 1237 3823 cum
1256 3771 1347 3823 Croeso

269 3850 377 3925 Illyriis,
392 3853 534 3917 Thebanis,
548 3865 594 3907 uc.
606 3853 656 3906 Ru
666 3865 734 3907 nota.
744 3854 781 3907 n.
831 3848 997 3921 licinioque,
1013 3864 1037 3903 u
1047 3852 1083 3912 sie
1093 3854 1145 3904 sm
1155 3850 1300 3905 etiam-⁰·
1310 3850 1346 3903 ii

302 3926 326 3981 3.
341 3928 421 3981 Tacta
425 3930 485 3999 fine
499 3939 634 3983 terrarum.
653 3928 696 3982 Sic
714 3936 780 3983 rictc
829 3928 882 3981 Sed
900 3948 988 3981 verum
1006 3929 1092 4000 utiquc
1113 3928 1212 3991 videtur
1228 3929 1344 3991 Cmrn,

269 4024 315 4057 ms.
330 4024 357 4055 a.
375 4004 511 4080 Perpetem
529 4014 601 4059 tanto
609 4008 669 4078 fine
685 4018 744 4060 terr.
755 4026 777 4059 c.
828 4005 897 4077 quud
912 4028 941 4059 ex
953 4006 1073 4061 Pinciani
1089 4006 1163 4060 co'dd.
1181 4017 1311 4078 receptum
1330 4025 1346 4073 ¹.

268 4084 304 4133 Α.
322 4083 356 4137 R
373 4083 441 4135 unda
461 4084 544 4155 inepte
561 4084 638 4155 vulgo
655 4086 687 4137 de
705 4095 779 4137 tantu
827 4084 896 4137 Mur.
906 4086 975 4137 Tum
991 4084 1128 4155 Licimqne
1138 4082 1217 4157 vulga
1233 4082 1294 4136 edd.
1310 4081 1346 4137 ab.

259 4159 334 4226 fine,
348 4171 393 4212 etc.
405 4181 433 4212 cx
444 4180 496 4214 unu
507 4162 562 4215 cod.
574 4162 645 4215 Pina.
655 4161 719 4215 alius
727 4172 779 4215 toto
828 4162 916 4216 eodem
930 4162 997 4215 Mur.
1016 4182 1045 4213 ex
1063 4162 1149 4215 Persic
1166 4173 1190 4215 ct
1202 4159 1326 4220 iuuenali¹
