2950 4934
322 487 391 573 240
616 489 657 554 L.
683 483 863 552 nonar
889 483 1106 554 sannen

321 638 472 718 epectee,
488 621 579 691 ultra
595 645 699 714 quem
715 637 839 690 natura
852 623 1023 691 neminem
1041 621 1167 716 dejecit
1177 625 1333 718 ¹.*Prope
1347 639 1397 694 eet
1463 615 1464 692 l

321 765 438 810 rerum
451 741 602 810 omnium
616 740 806 809 terminue²
824 753 832 806 t
849 763 959 834 prope
973 755 1045 824 eet,
1062 741 1223 832 inquam,
1241 759 1278 810 et
1291 743 1394 831 illud,

319 859 412 928 unde
436 858 515 926 felix
539 851 719 951 ejicitur³‚
746 872 780 925 et
799 856 907 943 illud,
935 857 1027 926 unde
1051 857 1169 926 infelix
1189 857 1394 930 emittitur‘.

319 978 389 1044 Noe
398 990 544 1068 utraque
554 972 765 1043 extendimus
778 1002 787 1059 3
800 987 834 1041 et
850 972 972 1066 longa,
990 998 1049 1066 spe
1059 997 1100 1042 ac
1111 991 1221 1060 metu,
1239 977 1394 1047 iacimus.

368 1090 457 1175 Sed,
485 1093 513 1159 ei
535 1081 647 1184 eapie⁵
659 1139 670 1177 ,
697 1090 811 1158 omnia
833 1087 983 1156 humana
1004 1085 1222 1158 conditione⁶
1246 1094 1394 1162 metire:
1463 1179 1464 1184 ἵ

282 1207 442 1293 seimul,
467 1222 502 1274 et
520 1205 614 1299 quod
637 1203 786 1299 gaudee,
815 1219 849 1272 et
876 1203 968 1298 quod
994 1205 1111 1289 times,
1135 1207 1311 1275 contrahe.
1337 1211 1397 1276 Est
1463 1189 1464 1248 s

320 1336 430 1388 autern
449 1321 534 1388 tanti
545 1325 578 1404 ⁷,
599 1317 688 1386 nihil
707 1316 767 1385 diu
786 1316 953 1411 gaudere,
970 1341 1015 1386 ne
1027 1316 1114 1410 quid
1126 1317 1186 1386 diu
1201 1321 1332 1388 timeae.
1346 1359 1396 1376 -

319 1433 389 1504 Sed
399 1457 506 1526 quare
518 1435 606 1503 ictuc
618 1433 743 1502 malurn
757 1434 908 1527 astringo
918 1425 931 1468 ⁸
942 1433 1093 1501 l—Non
1102 1449 1152 1502 est
1160 1473 1172 1520 ‚
1184 1433 1278 1526 quod
1291 1435 1396 1528 quid-

320 1569 420 1645 quam
440 1550 628 1621 timendum
640 1567 753 1644 putee.
769 1553 955 1618 Vanaeunt
969 1549 1050 1630 ieta,
1071 1571 1146 1641 quae
1161 1574 1224 1618 noe
1236 1569 1392 1637 movent,

319 1693 395 1761 quae
409 1669 567 1736 attonitos
589 1666 731 1734 babent.
757 1667 866 1733 Nemo
888 1659 1060 1747 noetrrim,
1084 1663 1169 1756 quid
1189 1667 1264 1733 veri
1279 1685 1391 1750 estet,

318 1787 507 1872 excueeit⁹;
530 1783 591 1852 aed
613 1798 740 1851 metum
764 1781 852 1849 alter
870 1780 969 1849 alteri
993 1779 1146 1849 tradidit.
1168 1783 1274 1850 Nemo
1291 1807 1393 1854 ausus

317 1918 369 1970 eet
381 1903 424 1971 ad
438 1903 495 1985 id,
517 1925 585 1992 quo
600 1897 866 1992 perturbabatur
879 1901 920 1978 ¹⁰,
938 1894 1121 1982 accedere,
1135 1913 1170 1964 ct
1182 1915 1340 1966 naturam
1354 1924 1394 1968 ac

317 2016 444 2086 bonum
456 2023 481 2054 '¹
495 2016 684 2085 timorieoui
696 2027 808 2084 nosse.
821 2015 941 2104 Itaque
950 2035 1006 2080 ree
1020 2011 1103 2080 falsa
1116 2019 1150 2079 e't
1163 2015 1274 2081 inania
1287 2013 1394 2082 habet

316 2133 430 2203 adbuc
442 2133 567 2218 fidem,
583 2134 665 2226 quia
679 2152 749 2200 non
760 2131 972 2223 coarguitur.
987 2129 1089 2198 Tanti
1104 2143 1263 2222 putemne
1275 2130 1393 2198 oculos

317 2250 515 2337 intendere3
528 2249 600 2342 jam
619 2245 818 2342 apparebit,
841 2268 942 2336 quam
957 2245 1096 2328 brevia,
1119 2269 1222 2338 quarn
1239 2247 1391 2333 incerta,

316 2485 475 2540 altitudinem
495 2485 632 2557 attigisset,
652 2495 681 2536 ει
702 2502 753 2553 qne
772 2482 827 2534 eine
912 2497 935 2548 7.
952 2480 1100 2536 Estoutem
1110 2485 1192 2545 tanti,
1204 2483 1338 2537 ntlttdua.
1347 2484 1394 2538 ste

257 2581 264 2592 ·
316 2562 412 2617 domno
427 2561 516 2616 cedere
530 2579 583 2614 non
598 2561 769 2632 poeeetzideo
786 2561 829 2613 el·
878 2561 1394 2689 quiaprePelaetPinceted.rett.An-

314 2640 364 2694 tine
374 2641 476 2693 fortuna
484 2659 544 2692 enm
552 2639 646 2701 evexit,
656 2638 766 2692 utruiru
776 2637 829 2709 ejus
877 2648 932 2690 tee:
968 2649 993 2690 st
1005 2643 1075 2691 tanti
1081 2679 1089 2702 ,
1103 2637 1150 2692 dtu
1160 2637 1227 2692 nibil
1233 2659 1259 2708 g.
1270 2637 1395 2693 Ruit.—

314 2735 368 2769 non
383 2716 671 2788 poeseteeeeinnoeene.
878 2715 949 2770 Bene
969 2718 1043 2770 vertit
1071 2717 1135 2770 bene
1156 2718 1306 2772 sententiem
1326 2717 1394 2771 'Lo-

350 2795 494 2862 r.De1'ecit,
505 2814 559 2847 non
570 2793 830 2860 dejictr‚a.1t.Efe-
875 2810 995 2864 ‘magu
1012 2794 1044 2846 ΙΙ
1059 2806 1126 2848 veut
1137 2799 1230 2850 mim
1248 2802 1324 2850 avoir
1341 2817 1395 2850 mre

312 2872 381 2924 eitc.
394 2872 430 2925 A.
443 2871 524 2927 Sele.
839 2897 840 2902 ¹
873 2874 1023 2938 jouissooce
1041 2877 1126 2925 moins
1150 2876 1263 2942 longae,
1294 2881 1321 2928 e!
1346 2877 1394 2928 des

347 2972 370 3002 α.
377 2949 479 3003 Rerum
487 2953 607 3004 omnium
616 2950 827 3003 tenesmum
876 2951 986 3004 traintee
995 2953 1059 3019 plus
1070 2961 1177 3005 cannes.

312 3027 408 3080 seilicet
425 3048 455 3080 ex
470 3028 611 3100 improviso
625 3028 826 3099 superveniens,
909 3027 1395 3100 &Quoreistucmolumastringodnt

312 3121 371 3176 que
386 3107 505 3158 eumdem
516 3105 654 3159 terminum
666 3105 776 3176 imponit
785 3107 829 3158 ie·
878 3127 956 3179 quum
969 3108 1076 3161 omniuo
1089 3108 1172 3162 delere
1185 3109 1303 3161 deberem
1315 3109 1391 3162 :non

313 3181 357 3235 liei
367 3196 442 3253 etque
456 3183 553 3236 infelici
564 3185 631 3236 vitaess
878 3191 915 3237 eei
927 3197 956 3237 ut
966 3185 1110 3257 praecipiam
1123 3206 1155 3237 ne
1171 3184 1216 3238 diu
1228 3185 1334 3254 timete,
1345 3187 1394 3239 aed

345 3260 369 3311 3.
381 3260 464 3313 Felix
478 3264 583 3328 ejicr'lur.
596 3259 694 3313 laritue
714 3272 738 3312 et
755 3259 828 3314 relu-
876 3276 904 3316 nt
917 3263 990 3316 omni
1009 3263 1099 3316 timore
1117 3265 1223 3317 omnino
1238 3279 1332 3317 vacuus
1349 3265 1396 3317 eie.

312 3347 383 3388 eterne
395 3335 455 3388 ebit.
469 3338 542 3408 Lips.
876 3341 963 3410 lteque
974 3340 1077 3412 longius
1089 3341 1217 3414 procedit,
1226 3353 1252 3393 et
1260 3340 1395 3395 nibilesee

345 3417 369 3483 4.
381 3416 486 3485 mclix
496 3420 629 3470 emittetur.
641 3419 663 3468 A
675 3417 784 3472 miseriir
794 3417 828 3471 li·
875 3419 1017 3470 timendum
1031 3419 1113 3472 docet.

312 3493 534 3562 berendnr.lr’ps.
908 3513 932 3567 9.
948 3495 1025 3566 Quid
1034 3499 1092 3546 verr·
1103 3504 1181 3557 met,
1195 3499 1318 3548 excussit.
1338 3493 1397 3550 B&

344 3575 366 3626 5.
380 3571 449 3637 Sed,
468 3576 494 3624 si
506 3570 740 3640 sapietcontrabe.
752 3571 825 3642 Saepe
874 3593 908 3625 ne
925 3571 1002 3624 vertit
1014 3569 1155 3642 Logrungt
1176 3591 1185 3624 t
1204 3572 1340 3626 Personae
1357 3579 1396 3628 de

310 3650 360 3705 boc
374 3651 485 3704 inculcat
496 3650 594 3704 Noster.
609 3649 710 3702 Similia
730 3671 826 3703 occur·
874 3668 940 3702 nous
952 3667 983 3702 ne
999 3650 1060 3702 s'est
1076 3650 1198 3703 daneta
1208 3654 1285 3718 peine
1302 3653 1397 3724 a'ap-

310 3741 371 3782 runt
382 3747 447 3802 saepe
461 3729 526 3804 apud
541 3741 600 3780 vett.
616 3747 637 3779 e.
649 3749 672 3781 c.
685 3745 724 3800 ep.
737 3729 825 3782 Horat
872 3727 1009 3798 prosondr'r
1018 3729 1048 3779 la
1060 3727 1145 3779 oe'rr'te'.

310 3807 418 3860 lGarm.
431 3810 461 3873 4,
477 3827 506 3881 9,
519 3807 560 3870 ll,
575 3805 750 3876 3:«AEquam
764 3827 824 3860 rne-
908 3828 946 3861 ro.
964 3807 1187 3874 Parmenonem,
1202 3827 1229 3860 o.
1240 3827 1260 3861 e.
1277 3811 1314 3862 A.
1332 3829 1396 3865 non

310 3900 397 3940 mento
409 3887 483 3940 rebus
496 3887 522 3938 in
533 3885 619 3938 arduie
633 3885 739 3938 Servare
750 3905 824 3938 men·
869 3885 1045 3956 perturbatur.
1057 3884 1139 3937 Scito.

310 3979 373 4031 tem,
385 3977 452 4018 ete.»
468 3965 559 4016 Ruit.
909 3980 946 4015 rr.
964 3965 1005 4016 Ae
1019 3963 1114 4015 ὸοηωη
1128 3967 1229 4016 timoris
1243 3967 1288 4015 sui
1301 3985 1396 4020 nosse.

342 4043 366 4097 6.
377 4042 527 4096 Condilr'onc
538 4045 635 4095 metire.
645 4041 707 4095 Seii.
714 4041 761 4094 tibi
771 4043 822 4116 ipse
870 4043 968 4096 Forsan
976 4062 1062 4096 tentus
1071 4056 1106 4096 eet
1115 4057 1152 4096 :et
1161 4063 1262 4096 noscere
1270 4045 1333 4115 quid
1341 4047 1397 4101 bo-

309 4143 408 4197 temper
421 4122 502 4193 objice
514 4143 520 4174 r
537 4123 558 4174 ei
569 4121 668 4188 licebit,
681 4121 703 4175 ti
715 4121 822 4193 longum
871 4123 899 4175 ni
907 4122 951 4175 tibi
960 4124 1023 4175 ieret
1032 4121 1133 4188 idrprod
1141 4123 1230 4175 times:
1241 4125 1311 4196 quod
1320 4145 1396 4178 con-

310 4201 357 4253 erit
369 4240 377 4263 .
389 4201 410 4254 ei
427 4199 535 4252 eveniet.
553 4199 627 4251 Nihil
646 4197 692 4252 tibi
705 4200 823 4273 promitte
872 4199 976 4256 firmant
986 4203 1152 4276 praetedentie
1162 4209 1278 4272 :quoties
1287 4209 1396 4263 enim...

311 4281 338 4332 in
351 4281 470 4335 alterutra
484 4291 559 4333 sorte.
571 4280 643 4349 Lr'ps.
873 4279 1039 4335 vocabatur?
