2950 4934
422 445 650 515 emotus
674 444 895 514 sennen.
1129 403 1192 534 45}
1259 543 1263 552 Ι

131 587 284 652 incautus
300 578 435 648 incidit.
459 581 634 672 Proponss
657 578 695 644 in
717 576 829 644 animo
851 589 909 644 tuo
929 575 1041 644 futuro
1061 577 1200 648 mulnet

130 699 240 781 hono,
264 713 303 766 ut
328 695 388 764 illa
413 695 581 764 sustinere
605 693 736 787 possis,
766 709 801 761 et
826 693 888 760 ists
913 692 1096 762 moderari.
1124 698 1201 765 Non

131 839 263 909 semper
273 815 308 880 in
321 813 469 893 octusis,
484 811 545 880 sed
557 809 729 878 interdum
741 810 854 877 animo
868 826 926 878 tuo
939 812 1093 903 requiem
1107 812 1199 897 dato,

132 944 166 998 et
188 928 327 1020 requies
351 928 426 1018 ipsa
444 925 546 1018 plena
566 925 610 994 sit
628 925 802 1016 sapientise
828 925 949 992 studiis
971 941 1006 992 et
1024 928 1201 1019 cogitatio·

132 1043 359 1116 nibusbonis.
380 1045 467 1111 Nam
483 1040 636 1137 prudens
655 1065 829 1134 nunquam
849 1043 917 1109 otio
936 1059 1074 1111 marcet.
1095 1044 1205 1113 Hsbet

131 1176 245 1230 autem
261 1154 444 1251 aliquando
462 1158 640 1225 remissum
657 1158 827 1237 animum,
850 1180 1024 1249 nunquam
1043 1156 1202 1226 solutum.

132 1273 308 1344 Accelerat
319 1271 436 1360 tarda,
456 1273 618 1368 perplexo
630 1271 787 1365 expedit,
805 1272 891 1341 durs
909 1272 1037 1359 mollit,
1054 1289 1207 1366 exaequet

132 1392 250 1460 ardua.
271 1392 341 1460 Scit
358 1392 448 1459 enim
473 1391 557 1482 quid
579 1414 645 1482 qua
671 1391 726 1458 via
748 1387 891 1484 aggredi
912 1389 1051 1472 debeat,
1078 1405 1113 1458 et
1136 1392 1204 1458 cito

52 1535 57 1542 ·
132 1505 289 1598 singula,
311 1521 345 1573 et
364 1504 523 1573 distincte
541 1521 663 1573 cuncta
676 1503 781 1572 videt.
796 1504 983 1572 Consilium
996 1505 1202 1597 peritorum,

133 1622 313 1716 exspectio
326 1620 469 1690 obscuro
483 1619 625 1689 estimat
633 1671 645 1705 ‚
661 1643 702 1689 ex
715 1620 868 1714 parvulis
882 1645 1021 1714 magna,
1036 1645 1077 1690 ex
1090 1623 1205 1714 proxi-

132 1737 198 1805 mis
222 1751 376 1823 remoto,
401 1735 619 1830 expertibus
645 1752 726 1804 tota.
757 1739 834 1805 Non
854 1751 886 1805 te
909 1755 1041 1806 moveat
1062 1737 1207 1808 dicentis

132 1855 336 1937 auctoritas,
353 1877 417 1921 nec
430 1853 529 1945 quis,
546 1853 607 1922 sed
624 1852 708 1946 quid
718 1853 810 1922 dicct
826 1853 1007 1924 intendito.
1019 1859 1090 1924 Nec
1107 1881 1209 1949 quum

132 1971 267 2056 multis,
290 1968 350 2039 sed
371 1970 528 2062 qualibus
547 1969 680 2064 placens
697 1970 821 2062 cogita.
840 1968 881 2039 Id
898 1994 1013 2062 quaere
1035 1969 1130 2064 quod
1151 1975 1209 2042 in-

134 2089 253 2158 venite
271 2088 392 2181 possis.
418 2086 459 2156 Id
481 2087 575 2156 disce
593 2085 687 2179 quod
709 2102 806 2182 potes
827 2087 927 2156 scire.
952 2087 993 2156 Id
1012 2105 1093 2182 opta
1114 2089 1207 2182 quod

132 2204 246 2297 opteri
264 2226 378 2272 corum
396 2201 496 2270 honis
513 2217 637 2294 potest.
658 2204 730 2270 Nee
748 2201 860 2271 altiori
881 2218 915 2270 te
933 2204 984 2270 rei
1001 2204 1154 2296 imponas
1173 2205 1210 2272 in

133 2343 203 2413 quc
229 2318 293 2387 tibi
322 2321 424 2388 stanti
451 2317 684 2399 tremendum,
712 2316 913 2388 escendenti
938 2317 1128 2389 cedendum
1151 2322 1207 2388 sit.

134 2436 287 2505 Consilia
300 2435 364 2504 tibi
374 2435 548 2504 salutifere
560 2433 700 2504 advoca.
711 2434 828 2527 Quum
842 2433 905 2502 tibi
916 2435 1038 2504 alludit
1047 2437 1124 2506 vite
1135 2461 1211 2530 pto-

133 2551 302 2643 spetitas,
325 2564 406 2618 tunc
423 2565 458 2618 te
477 2550 571 2618 velut
594 2549 631 2616 in
658 2547 790 2616 lubrico
814 2547 996 2636 retinebis,
1024 2575 1065 2620 uc
1085 2525 1204 2634 sistesl

132 2691 201 2736 nec
224 2666 288 2736 tibi
314 2665 412 2735 dabis
438 2667 584 2760 impetus
608 2662 757 2748 liberos,
783 2663 845 2733 sed
868 2667 1119 2762 circumspicies
1139 2694 1206 2762 qno

133 2778 287 2850 eundum
305 2781 368 2864 sit,
391 2780 447 2849 vel
465 2803 655 2872 quousque.

495 2995 536 3034 DE
558 2995 857 3036 usonsttttttnlttt.

183 3139 445 3233 Magnanimitss
466 3161 567 3219 veto,
588 3161 664 3229 quae
682 3152 716 3204 et
734 3135 897 3205 fortitudo
914 3135 1051 3235 dicitur,
1074 3142 1102 3206 si
1127 3141 1207 3210 insit

130 3258 251 3326 nnimo
263 3273 409 3324 tuocum
422 3277 543 3346 magna
555 3254 693 3335 fidncia,
708 3253 802 3322 vives
811 3253 912 3336 liber,
925 3255 1128 3350 intrepidus,
1141 3257 1209 3326 als-

133 3400 209 3446 cer.
228 3375 347 3468 Magni
360 3374 464 3441 animi
482 3372 628 3441 hominis
642 3372 769 3443 bonum
783 3387 835 3440 est
850 3396 920 3440 non
934 3367 1107 3459 vacillate,
1127 3401 1211 3447 con-

132 3509 229 3562 stsre
246 3491 332 3576 sibi,
352 3506 386 3559 et
404 3491 506 3558 finem
522 3488 600 3556 vitae
613 3487 806 3582 intrepidus
820 3505 1025 3582 exspectare.
1045 3492 1102 3560 Nil
1115 3493 1210 3561 nliud

135 3629 300 3699 magnum
313 3607 350 3672 iu
363 3603 465 3672 rebus
475 3603 644 3684 humanis,
656 3603 722 3670 nisi
731 3603 865 3670 animus
873 3627 995 3698 magns
1004 3604 1207 3698 despiciens.

133 3722 177 3792 si
190 3721 427 3814 magnanimus
440 3718 566 3800 fueris,
585 3743 758 3811 nunqnam
770 3719 943 3813 judicabis
958 3721 1020 3789 tibi
1037 3737 1212 3792 contume-

134 3835 222 3904 lium
241 3835 327 3905 fieti.
346 3837 397 3902 De
414 3833 552 3902 inimico
571 3831 682 3913 dicet,
703 3857 775 3901 non
794 3835 912 3903 nocuit
930 3835 1036 3918 mihi,
1059 3836 1119 3904 sed
1136 3839 1212 3904 sni·

134 3976 234 4020 snum
251 3949 398 4019 nocendi
415 3949 536 4018 hebuit
554 3976 562 4016 ι
578 3965 614 4018 et
630 3974 736 4042 quum
754 3951 898 4019 illumin
915 3965 1080 4045 potestate
1091 3969 1147 4020 tua
1159 3953 1212 4020 vi-

133 4067 254 4151 detis,
280 4067 464 4136 vindictam
489 4065 625 4159 putabis
641 4063 817 4136 vindicare
835 4066 995 4160 potuisse.
1014 4069 1105 4136 Scito
1122 4067 1213 4135 enim

135 4183 324 4252 honestum
337 4197 372 4250 et
384 4206 544 4275 magnum
559 4205 667 4273 genus
681 4178 840 4250 vindictae
853 4205 925 4249 esse
937 4183 1125 4274 ignoscere.
1144 4185 1213 4250 Ne·
