2950 4934
339 451 400 518 160
626 447 668 514 L.
694 443 876 514 ANNAEI
899 445 1120 516 SENECAE

333 579 425 648 ntud
447 579 561 671 potino
584 575 752 658 admone,
771 575 905 645 nullum
923 576 1004 646 mali
1020 601 1156 649 tentum
1169 579 1215 648 ad
1232 603 1334 664 eum,
1353 586 1412 675 qui

333 694 462 786 periit,
483 691 689 786 pervenire3
715 713 793 759 uam
814 691 842 759 oi
861 695 1041 784 pervenit,
1059 717 1129 763 nou
1148 697 1266 788 periit.
1285 697 1410 782 Nulla,

334 810 495 901 inquam,
515 833 592 878 eum
608 828 665 876 rea
677 805 789 889 laedit,
806 809 867 900 qui
881 807 997 878 nullut
1010 825 1083 894 θοις
1098 811 1202 897 vivit,
1219 812 1248 880 ai
1260 811 1409 882 luditur.

333 927 457 994 Utrum
475 940 574 1018 putas
595 924 647 992 illi
669 922 759 992 male
776 928 887 1006 ποθ’,
901 923 999 1015 ,quod
1014 925 1131 996 nullut
1147 928 1219 995 eat?
1233 949 1278 995 an
1288 976 1301 1013 ‚
1319 927 1412 1020 quod

278 1027 308 1080 ²⁷
335 1058 388 1111 eat
404 1041 517 1110 adhuc
534 1041 687 1134 aliquis?
706 1041 812 1132 Atqui
832 1065 899 1109 nec
917 1065 959 1109 ex
975 1065 1015 1110 eo
1032 1057 1144 1135 potest
1159 1045 1192 1111 ei
1206 1059 1411 1113 tormentum

335 1183 429 1241 ease,
447 1158 539 1251 quod
553 1183 621 1226 non
636 1172 688 1225 eat
705 1183 713 1224 ε
731 1159 809 1248 quia
824 1160 917 1226 euim
932 1158 1059 1228 nullius
1072 1183 1191 1228 senous
1203 1163 1279 1228 est?
1291 1185 1359 1230 nec
1371 1186 1412 1230 ex

335 1301 400 1362 eo,
426 1273 520 1369 quod
537 1292 605 1359 θοις
628 1274 752 1367 effugit
770 1275 862 1341 enim
882 1277 1064 1343 maximum
1085 1278 1204 1344 mortio
1225 1279 1410 1346 incommo-

335 1394 434 1478 dum,
455 1417 524 1462 uon
546 1415 631 1460 eote.
656 1390 747 1458 Illud
767 1413 904 1482 quoque
921 1389 1072 1460 dioemuo
1095 1393 1148 1479 ei,
1173 1418 1233 1484 qut
1223 1393 1356 1462 deflet
1371 1419 1410 1461 ac

277 1509 534 1647 ,gdeaiderat
525 1534 562 1576 m
580 1522 679 1576 aetate
695 1507 808 1599 primu
828 1523 990 1601 raptum.
1006 1509 1173 1593 Omnes,
1182 1525 1348 1602 quantum
1367 1511 1411 1578 ad

277 1593 534 1694 ²⁸brevitatem
549 1624 635 1702 aovi,
652 1624 681 1689 ai
696 1623 855 1690 universo
872 1645 1066 1717 compares,
1089 1640 1124 1692 et
1139 1626 1285 1718 juvenes
1302 1645 1339 1694 et
1358 1652 1410 1695 ae·

334 1765 415 1822 nea,
433 1743 470 1808 iu
484 1761 724 1832 aequoaumua.
743 1738 859 1804 Minus
877 1739 969 1805 euim
988 1737 1032 1806 ad
1051 1760 1113 1807 noa
1134 1762 1174 1806 ex
1196 1743 1290 1809 omni
1311 1759 1408 1811 aetate

334 1855 449 1940 veuit,
469 1877 570 1947 quam
592 1849 685 1944 quod
704 1851 880 1918 minimum
901 1873 974 1917 erae
993 1851 1070 1941 quio
1089 1849 1231 1938 dixerit3
1248 1858 1409 1946 quoniam

334 1971 473 2064 quidem
489 1969 688 2048 minimum,
707 1966 821 2070 aliqua
834 1988 914 2058 paro
927 1981 999 2051 θοις
1020 1964 1110 2049 hoc,
1133 1967 1224 2057 quod
1236 1970 1406 2056 vivimus,

333 2089 524 2182 proximum
542 2083 652 2153 nihilo
672 2100 724 2151 eat
743 2107 751 2150 ι
768 2098 931 2150 ettamen
948 2077 985 2176 (o
998 2081 1201 2169 dementiam
1215 2101 1366 2156 nostram
1380 2085 1407 2177 ἔ)

334 2204 400 2272 late
415 2201 620 2295 disponitur.

387 2320 499 2386 »Haec
526 2314 589 2383 tibi
614 2316 753 2410 scripti,
774 2338 844 2383 nou
865 2331 1024 2408 tanquam
1044 2333 1298 2410 exspectaturus
1317 2343 1409 2387 eura

279 2426 310 2478 '⁹
333 2431 521 2502 remedium
540 2457 559 2500 a
577 2455 630 2500 me
650 2449 717 2500 tam
737 2455 850 2500 aerum
877 2458 885 2499 z
908 2433 1017 2525 liquet
1034 2435 1148 2502 enim²
1170 2435 1274 2515 mihi,
1296 2451 1334 2502 te
1356 2434 1408 2502 Ιο-

332 2565 447 2617 cutum
466 2564 576 2617 tecum
601 2546 771 2640 quidquid
791 2549 941 2617 lecturus
965 2574 1002 2618 ea
1026 2577 1034 2617 ε
1060 2550 1121 2619 aed
1144 2567 1183 2618 ut
1205 2553 1410 2644 castigarem

331 2665 424 2734 illam
447 2667 603 2760 exiguam
628 2689 775 2751 moram,
798 2689 865 2757 qua
889 2683 965 2734 ate
988 2662 1192 2751 recessisti&
1215 2685 1250 2737 et
1270 2670 1307 2738 iu
1323 2670 1409 2738 reli·

332 2807 437 2876 quum
461 2783 685 2866 adhortatur,
711 2799 830 2850 eontra
853 2784 1023 2852 fortunam
1047 2784 1183 2854 tolleret
1203 2788 1358 2870 animoa,
1375 2803 1410 2856 et

332 2900 446 2968 omnia
465 2899 539 2992 ejus
560 2897 648 2982 tola,
670 2922 741 2966 nou
761 2914 920 2990 tanquam
934 2918 1072 2993 poaoent
1089 2903 1229 2987 venire,
1250 2901 1313 2971 aed
1333 2920 1410 2972 tau-

332 3042 432 3110 quam
450 3019 570 3109 utique
588 3033 700 3085 essent
716 3033 860 3085 ventura
870 3067 881 3103 ,
900 3016 1125 3112 prospiceres.
1143 3048 1159 3083 ι
1177 3021 1273 3089 Vale.

368 3270 389 3302 ι,
394 3251 470 3305 Male
481 3271 537 3305 esse
545 3265 611 3306 rocta
621 3274 648 3306 a·
660 3255 695 3308 R.
705 3252 811 3306 Malum
820 3273 843 3304 e.
892 3265 949 3307 tum
961 3274 970 3308 .·
983 3255 1018 3309 Je
1029 3275 1071 3310 me
1087 3260 1205 3310 sonorem
1216 3259 1363 3312 d'ar'lleurs
1376 3261 1409 3312 de

332 3331 368 3382 A.
379 3328 466 3401 Vulgo
479 3333 554 3383 mado
562 3350 626 3383 esse.
638 3329 720 3385 Sauo.
843 3361 847 3368 ·
891 3352 958 3385 vous
969 3337 1044 3387 ooot'r
1053 3337 1113 3402 de'jo
1124 3345 1254 3389 entretem
1266 3340 1300 3390 de
1312 3349 1371 3392 tout
1381 3359 1409 3392 ce

367 3405 576 3480 a.L1‘quetem'm
591 3409 659 3462 mitt
668 3419 692 3462 te
703 3411 842 3461 lacunam...
891 3428 941 3477 que
951 3427 1044 3479 vousy
1054 3413 1127 3463 lira.

333 3487 446 3537 tecturus
454 3503 488 3536 es.
495 3485 577 3537 Vertit
586 3485 725 3556 Lagmnge
737 3487 842 3559 perinde
924 3487 948 3540 ³.
965 3490 992 3539 Α
1005 3499 1030 3542 te
1041 3492 1174 3544 noesse’sle'.
1187 3491 1311 3544 larome
1321 3492 1407 3564 ipsum

334 3581 362 3614 ac
373 3559 568 3616 uitabuiuetin
582 3577 697 3618 contextu
715 3585 757 3619 me
768 3567 843 3620 locu·
892 3565 985 3618 oblitus
998 3583 1031 3618 aa.
