2950 4934
301 497 546 569 PHYSIOL.
572 499 826 570 STOICOR.
852 503 948 571 LlB.
974 503 1003 572 l.
1125 507 1185 572 501

119 643 221 703 mnndi
234 667 243 703 ε
255 643 369 704 ethunc
377 645 470 725 ipsum
479 644 619 704 mundum
630 664 691 704 esse
707 644 813 704 Deum.
830 671 843 698 ιι
857 644 913 706 Sed
923 643 1076 706 discrimen
1089 646 1193 708 deinde

110 751 219 825 addit,
235 750 313 833 qnod
330 751 413 810 valde
427 753 514 812 velim
530 764 622 811 notes.
643 779 657 804 ιι
671 751 750 811 Sicut
759 751 903 812 hominem
915 755 1090 834 sapientem,
1103 775 1192 836 quum

121 861 159 918 sit
170 880 207 918 cx
223 858 327 917 Animo
338 872 367 919 et
377 859 519 940 Corpore,
539 857 687 919 tamenab
706 861 809 919 Animo
826 857 947 920 dicimus
964 862 1140 942 sapientem,
1156 862 1194 922 ita

122 964 265 1024 Mundum
279 965 373 1023 Deum
389 963 446 1024 dici
460 964 497 1023 ab
516 967 630 1040 animo,
646 989 735 1047 quum
752 967 789 1025 sit
805 987 840 1026 ex
855 967 958 1028 Animo
978 980 1007 1027 et
1023 969 1158 1049 Corpore.
1177 995 1192 1022 ιι

121 1071 186 1130 lloe
202 1069 283 1144 vult,
306 1069 448 1130 Mundum
465 1093 483 1130 a
501 1092 534 1131 se
547 1084 605 1130 >aut
624 1093 677 1152 per
695 1092 726 1131 se
745 1096 801 1132 non
823 1093 884 1132 esse
908 1073 1003 1133 Deum
1019 1096 1026 1144 ;
1048 1086 1158 1133 tanturn
1176 1097 1194 1133 a

122 1190 205 1258 parte
213 1176 342 1250 meliori,
357 1177 458 1252 idest,
472 1175 570 1238 Mente
584 1178 633 1237 illa
645 1191 767 1252 eterna,
779 1158 841 1259 dnn
859 1190 955 1238 tamen
967 1180 1051 1242 insita
1063 1179 1192 1255 Mundo,

124 1296 156 1344 ut
169 1284 218 1344 illa
228 1285 323 1365 aliqua
335 1285 366 1343 in
379 1284 516 1343 Homine.
533 1285 597 1344 Non
609 1285 697 1366 igitur
709 1284 837 1344 Mundus
851 1288 979 1355 οὐσιιιδῶς
992 1299 1020 1344 et
1031 1307 1082 1344 sua
1092 1298 1194 1346 natura

122 1389 222 1464 Deus,
235 1389 286 1449 sed
302 1393 369 1452 mci
387 1391 543 1473 μετάδοσιν,
558 1401 592 1450 ut
608 1390 708 1449 dicunt
717 1388 828 1464 Graeci,
845 1403 873 1450 et
885 1391 952 1472 quin
963 1391 1153 1452 communicat
1167 1405 1196 1452 et

123 1497 276 1577 participat
296 1497 375 1556 illam
397 1495 536 1556 Mentem.
559 1496 629 1556 Tale
648 1496 766 1556 omnino
788 1497 873 1556 etiam
897 1495 1093 1578 Chrysippus,
1117 1497 1194 1578 apud

122 1604 270 1664 Tullium:
285 1631 299 1657 ιι
311 1603 380 1664 Vim
392 1603 516 1663 divinam
533 1605 564 1662 in
579 1601 702 1662 Ratione
716 1625 779 1662 esse
794 1605 914 1684 positam
927 1649 936 1678 ,
949 1615 978 1664 et
993 1605 1131 1664 universas
1140 1628 1196 1664 nu-

123 1725 192 1771 turae
209 1711 312 1772 Animo
326 1723 412 1792 utque
424 1709 522 1769 Mente
539 1733 547 1768 ε
565 1710 717 1791 ipsumque
730 1709 874 1770 Mundum
890 1709 984 1769 Deum
999 1707 1077 1794 dici,
1094 1723 1123 1770 et
1134 1713 1195 1790 ejus

122 1817 220 1875 Animi
235 1815 375 1876 fusionem
391 1815 566 1875 nniversam.
580 1841 595 1868 ιι
614 1814 649 1874 Ιι]
660 1826 720 1888 est,
744 1815 839 1874 Primo
857 1815 973 1896 quidem
992 1828 1020 1874 et
1037 1836 1105 1874 vere
1116 1816 1195 1875 Dens

123 1935 167 1984 est
185 1924 257 1982 ratio
271 1924 332 1982 sive
347 1923 431 1983 Mens
448 1946 456 1982 a
477 1921 645 1982 secundario
656 1934 753 1981 tamen
764 1935 793 1983 et
802 1921 928 1981 Mundus
940 1965 949 1995 ,
962 1943 1015 2003 per
1024 1943 1111 2002 quem
1123 1923 1196 1983 Ani-

122 2051 188 2088 mus
205 2031 254 2088 ille
270 2051 301 2088 se
306 2027 404 2110 fudit,
422 2041 452 2089 et
468 2029 515 2088 cui
533 2026 647 2088 inludit.
667 2012 778 2087 Seneca
797 2049 830 2086 eo
846 2026 978 2087 collineat
990 2026 1018 2108 (l
1032 2027 1136 2101 Quaest.
1155 2027 1192 2088 N.

110 2133 229 2214 M.)
244 2159 253 2193 a
276 2162 290 2187 ιι
307 2135 383 2209 Qrid
400 2146 442 2203 est
456 2133 554 2193 Densi
568 2133 654 2192 Mens
666 2132 899 2208 universi.‚Quid
914 2143 956 2192 est
971 2132 1070 2192 Deus?
1085 2145 1194 2207 toturn,

101 2239 203 2323 -qnod
220 2241 322 2315 vides,
345 2252 375 2299 et
395 2239 473 2321 quod
493 2260 552 2298 uon
571 2238 652 2300 vides
671 2252 772 2299 toturn.
789 2264 804 2292 ιι
822 2238 917 2299 Primo
941 2237 1031 2299 ethic
1047 2239 1132 2298 Mens
1153 2253 1196 2316 est

121 2347 223 2420 Deus,
243 2343 369 2405 secundo
386 2344 445 2404 haec
463 2343 572 2404 Mentis
591 2344 674 2404 sedes
689 2357 718 2404 et
732 2345 859 2404 universi
876 2346 975 2405 moles,
994 2345 1196 2428 Trismegistus

122 2456 211 2512 etiam
236 2454 392 2512 clarissime
411 2450 496 2533 (cap.
518 2449 558 2532 8)
576 2475 585 2508 ι
615 2478 629 2504 ιι
649 2451 839 2511 Secundarius
863 2451 962 2526 Deus,
989 2451 1116 2512 Mundus
1136 2497 1144 2528 ,
1167 2466 1198 2513 et

121 2561 231 2620 animal
245 2560 415 2620 immortale.
430 2585 445 2610 ι
463 2557 500 2617 Et
514 2557 628 2637 subjicit
644 2557 838 2638 pulcherrime
854 2582 862 2616 r
885 2585 899 2612 ι
915 2557 1027 2617 Primus
1040 2559 1117 2618 enim
1130 2581 1195 2618 onn-

122 2669 227 2739 nium,
246 2688 345 2726 revera
365 2678 408 2725 est
427 2664 529 2737 Deus,
552 2664 600 2723 ille
614 2675 760 2737 aeternus,
782 2675 811 2723 et
833 2663 997 2745 ingenitus,
1018 2675 1047 2722 et
1067 2665 1194 2723 omnium

121 2775 255 2835 conditor
271 2787 356 2855 atquc
371 2771 478 2855 opifex.
499 2798 512 2826 ιι
536 2771 637 2852 Itaque
656 2783 684 2831 et
703 2770 788 2830 Stoici
806 2792 879 2852 saepe
894 2771 935 2830 sic
954 2770 1105 2844 attollunt,
1129 2784 1158 2830 et
1177 2792 1194 2830 a

121 2901 246 2961 corpore
256 2878 359 2938 Mundi
370 2879 424 2937 isto
435 2878 560 2937 evellunt
573 2890 622 2947 ,ut
631 2875 737 2937 Seneca
748 2875 780 2958 (l
791 2877 894 2950 Quaest.
910 2877 940 2936 in
952 2873 1055 2957 Praet.)
1067 2899 1075 2935 c
1091 2903 1104 2930 ιι
1118 2875 1195 2952 Quid

123 2989 201 3047 inter
214 3000 344 3046 naturam
358 2985 415 3044 Dei
430 2998 458 3044 et
471 2997 597 3044 nostram
610 2981 749 3043 interest?
765 2985 853 3043 nostri
867 2984 968 3042 melior
979 3003 1044 3064 pars
1060 2995 1103 3042 est
1120 2984 1196 3044 Ani-

122 3118 191 3155 mus
209 3119 218 3154 z
238 3096 269 3153 in
285 3093 334 3153 illo
353 3092 432 3152 nulla
451 3111 517 3172 pars
535 3103 614 3151 extra
631 3091 770 3149 animum.
793 3115 807 3142 ιι
825 3088 881 3148 Sed
901 3100 930 3150 et
945 3089 1109 3171 superiora,
1133 3113 1196 3174 quae

123 3202 241 3273 attulit,
256 3199 358 3260 ecdem
371 3211 439 3259 eunt
453 3222 462 3257 a
475 3220 638 3279 sequamur.
658 3197 731 3256 Nam
750 3195 827 3278 quod
843 3195 906 3256 illos
922 3196 1035 3279 longius
1052 3195 1153 3272 duxit,
1168 3210 1198 3258 et

122 3307 259 3380 induxit,
276 3305 331 3365 hoc
345 3305 414 3380 luit,
439 3303 517 3386 quod
533 3303 679 3363 sociabant
695 3301 771 3362 hunc
786 3303 922 3362 Animum
937 3323 1002 3362 cum
1018 3301 1147 3380 Mundo,
1166 3317 1199 3364 ut

123 3425 256 3496 partem,
271 3411 438 3473 et'lormam
450 3434 459 3470 a
473 3423 502 3470 at
513 3411 678 3470 nesscimus
692 3432 758 3470 curn
768 3409 914 3470 Lactantio
926 3410 1000 3493 (lin
1009 3409 1085 3484 Vll,
1097 3434 1123 3471 c.
1135 3409 1175 3496 6)
1188 3437 1196 3472 a

128 3550 144 3576 a
158 3521 298 3580 Divinum
309 3517 446 3600 Spiritum
461 3539 523 3576 esse
537 3518 644 3599 ubique
655 3516 789 3576 diffusum
804 3560 812 3590 ,
825 3539 917 3599 eoque
930 3518 1027 3578 omnia
1036 3519 1175 3580 contineri
1188 3544 1197 3580 a

125 3650 183 3688 nec
194 3639 289 3686 tamen
299 3627 360 3699 ita,
379 3637 412 3684 ut
424 3624 504 3684 Deus
515 3625 576 3705 ipse
589 3668 598 3698 ,
616 3625 666 3706 qni
683 3636 726 3683 est
737 3625 935 3706 incorruptus,
953 3625 1086 3707 gravibus
1096 3638 1125 3685 et
1135 3647 1200 3686 con

126 3732 311 3816 ruptihrlibus
323 3733 476 3791 misceatur
490 3730 675 3790 elementis.»
692 3731 861 3792 Continetur
870 3731 966 3806 rebus,
980 3755 1037 3791 non
1047 3731 1202 3808 conlundi-

126 3856 199 3910 tnr;
216 3839 318 3898 format
338 3860 402 3911 eas,
419 3859 478 3896 non
494 3835 605 3907 iorma3
626 3837 755 3910 animat,
777 3839 830 3896 etsi
845 3859 903 3896 non
919 3838 1024 3898 enimn.
1047 3837 1147 3912 Bene,
1169 3852 1202 3899 ut

126 3949 285 4030 pleraque,
305 3945 499 4005 Damascenus
513 3941 596 4024 (cap.
625 3940 680 4026 16)
697 3966 705 4002 c
729 3970 744 3997 ιι
761 3944 842 4003 Deus
856 3945 918 4024 ipse
933 3945 1029 4003 omnia
1046 3944 1199 4027 pervadit,

127 4054 183 4115 sed
197 4053 258 4113 sine
269 4055 428 4125 mixtione,
447 4064 477 4111 et
495 4050 627 4110 omnibus
643 4052 702 4110 vim
719 4053 750 4110 'et
766 4049 921 4109 efficaciam
934 4072 1014 4110 suam
1031 4054 1200 4134 participat,

125 4160 181 4219 sed
199 4181 251 4240 pro
266 4160 404 4240 cujusque
423 4155 582 4238 aptitudine
602 4169 631 4214 et
646 4169 741 4238 captu.
758 4183 772 4210 ιι
791 4157 993 4217 Concludimus
1010 4157 1154 4241 denique,
1175 4174 1204 4220 et

126 4271 161 4326 in
187 4279 267 4346 parte
287 4278 400 4327 tuemur
424 4264 531 4325 Stoicos
552 4262 694 4323 Plutarchi
717 4263 796 4324 hisce
824 4264 946 4326 verbis:
968 4292 982 4320 ιι
1003 4265 1097 4328 Deun
1117 4266 1203 4334 Stoici
