<?xml version="1.0" encoding="UTF-8"?>
<!DOCTYPE html PUBLIC "-//W3C//DTD XHTML 1.0 Transitional//EN"
    "http://www.w3.org/TR/xhtml1/DTD/xhtml1-transitional.dtd">
<html xmlns="http://www.w3.org/1999/xhtml" xml:lang="en" lang="en">
 <head>
  <title>
</title>
<meta http-equiv="Content-Type" content="text/html;charset=utf-8" />
  <meta name='ocr-system' content='tesseract 3.04.00' />
  <meta name='ocr-capabilities' content='ocr_page ocr_carea ocr_par ocr_line ocrx_word'/>
</head>
<body>
  <div class='ocr_page' id='page_1' title='image "./lannsenecparspr04bouigoog_0486.png"; bbox 0 0 2950 4934; ppageno 0'>
   <div class='ocr_carea' id='block_1_1' title="bbox 235 460 1383 2205">
    <p class='ocr_par' dir='ltr' id='par_1_1' title="bbox 235 460 1094 579">
     <span class='ocr_line' id='line_1_1' title="bbox 235 460 1094 579; baseline 0 -31"><span class='ocrx_word' id='word_1_1' title='bbox 235 576 237 579; x_wconf 13' lang='lat'>·</span> <span class='ocrx_word' id='word_1_2' title='bbox 316 481 383 575; x_wconf 74' lang='lat'><strong>47⁸</strong></span> <span class='ocrx_word' id='word_1_3' title='bbox 605 477 823 550; x_wconf 73' lang='lat' dir='ltr'><strong>saraca</strong></span> <span class='ocrx_word' id='word_1_4' title='bbox 846 460 912 547; x_wconf 85' lang='lat' dir='ltr'><strong>&#39;ar</strong></span> <span class='ocrx_word' id='word_1_5' title='bbox 936 460 1094 548; x_wconf 73' lang='lat' dir='ltr'><strong>ruunt</strong></span> 
     </span>
    </p>

    <p class='ocr_par' dir='ltr' id='par_1_2' title="bbox 309 606 1383 2205">
     <span class='ocr_line' id='line_1_2' title="bbox 314 606 1377 702; baseline 0.001 -24"><span class='ocrx_word' id='word_1_6' title='bbox 314 606 535 678; x_wconf 71' lang='lat' dir='ltr'><strong>Macedonem</strong></span> <span class='ocrx_word' id='word_1_7' title='bbox 547 607 697 701; x_wconf 88' lang='lat' dir='ltr'><strong>Philippi</strong></span> <span class='ocrx_word' id='word_1_8' title='bbox 710 608 836 693; x_wconf 87' lang='lat' dir='ltr'><strong>lilium,</strong></span> <span class='ocrx_word' id='word_1_9' title='bbox 852 625 886 678; x_wconf 90' lang='lat' dir='ltr'><strong>et</strong></span> <span class='ocrx_word' id='word_1_10' title='bbox 898 626 976 702; x_wconf 92' lang='lat' dir='ltr'><strong>post</strong></span> <span class='ocrx_word' id='word_1_11' title='bbox 987 611 1144 692; x_wconf 89' lang='lat' dir='ltr'><strong>Darium,</strong></span> <span class='ocrx_word' id='word_1_12' title='bbox 1160 612 1377 702; x_wconf 67' lang='lat' dir='ltr'><strong>Dionysium</strong></span> 
     </span>
     <span class='ocr_line' id='line_1_3' title="bbox 314 723 1378 816; baseline 0.002 -24"><span class='ocrx_word' id='word_1_13' title='bbox 314 737 429 792; x_wconf 83' lang='lat' dir='ltr'><strong>nostra</strong></span> <span class='ocrx_word' id='word_1_14' title='bbox 446 732 581 814; x_wconf 82' lang='lat' dir='ltr'><strong>qtlo‘que</strong></span> <span class='ocrx_word' id='word_1_15' title='bbox 595 723 716 790; x_wconf 86' lang='lat' dir='ltr'><strong>&#39;Caium</strong></span> <span class='ocrx_word' id='word_1_16' title='bbox 733 724 912 790; x_wconf 71' lang='lat' dir='ltr'><strong>Caesarem.</strong></span> <span class='ocrx_word' id='word_1_17' title='bbox 932 723 1068 816; x_wconf 88' lang='lat' dir='ltr'><strong>Quibus</strong></span> <span class='ocrx_word' id='word_1_18' title='bbox 1083 723 1247 816; x_wconf 88' lang='lat' dir='ltr'><strong>quicquid</strong></span> <span class='ocrx_word' id='word_1_19' title='bbox 1261 724 1378 806; x_wconf 91' lang='lat' dir='ltr'><strong>libuit,</strong></span> 
     </span>
     <span class='ocr_line' id='line_1_4' title="bbox 314 833 1381 933; baseline 0.003 -28"><span class='ocrx_word' id='word_1_20' title='bbox 314 838 422 906; x_wconf 88' lang='lat' dir='ltr'><strong>licuit.</strong></span> <span class='ocrx_word' id='word_1_21' title='bbox 440 837 639 905; x_wconf 84' lang='lat' dir='ltr'><strong>Incendium</strong></span> <span class='ocrx_word' id='word_1_22' title='bbox 653 833 735 904; x_wconf 87' lang='lat' dir='ltr'><strong>urbs</strong></span> <span class='ocrx_word' id='word_1_23' title='bbox 747 838 899 906; x_wconf 85' lang='lat' dir='ltr'><strong>Romana</strong></span> <span class='ocrx_word' id='word_1_24' title='bbox 913 839 1089 908; x_wconf 78' lang='lat' dir='ltr'><strong>manifeste</strong></span> <span class='ocrx_word' id='word_1_25' title='bbox 1103 863 1191 933; x_wconf 83' lang='lat' dir='ltr'><strong>saepe</strong></span> <span class='ocrx_word' id='word_1_26' title='bbox 1204 839 1299 908; x_wconf 90' lang='lat' dir='ltr'><strong>unde</strong></span> <span class='ocrx_word' id='word_1_27' title='bbox 1321 865 1381 933; x_wconf 91' lang='lat' dir='ltr'><strong>pa·</strong></span> 
     </span>
     <span class='ocr_line' id='line_1_5' title="bbox 315 949 1380 1047; baseline 0.002 -27"><span class='ocrx_word' id='word_1_28' title='bbox 315 955 437 1034; x_wconf 87' lang='lat' dir='ltr'><strong>tiatur,</strong></span> <span class='ocrx_word' id='word_1_29' title='bbox 452 969 594 1022; x_wconf 85' lang='lat' dir='ltr'><strong>constat.</strong></span> <span class='ocrx_word' id='word_1_30' title='bbox 612 952 680 1021; x_wconf 87' lang='lat' dir='ltr'><strong>Sed</strong></span> <span class='ocrx_word' id='word_1_31' title='bbox 695 954 724 1020; x_wconf 90' lang='lat' dir='ltr'><strong>si</strong></span> <span class='ocrx_word' id='word_1_32' title='bbox 739 949 835 1022; x_wconf 80' lang='lat' dir='ltr'><strong>effari</strong></span> <span class='ocrx_word' id='word_1_33' title='bbox 850 953 1023 1022; x_wconf 82' lang='lat' dir='ltr'><strong>humilitas</strong></span> <span class='ocrx_word' id='word_1_34' title='bbox 1037 954 1184 1023; x_wconf 90' lang='lat' dir='ltr'><strong>humana</strong></span> <span class='ocrx_word' id='word_1_35' title='bbox 1198 955 1380 1047; x_wconf 84' lang='lat' dir='ltr'><strong>potuisset,</strong></span> 
     </span>
     <span class='ocr_line' id='line_1_6' title="bbox 314 1067 1380 1163; baseline 0.001 -29"><span class='ocrx_word' id='word_1_36' title='bbox 314 1067 398 1161; x_wconf 94' lang='lat' dir='ltr'><strong>quid</strong></span> <span class='ocrx_word' id='word_1_37' title='bbox 413 1091 523 1137; x_wconf 81' lang='lat' dir='ltr'><strong>causae</strong></span> <span class='ocrx_word' id='word_1_38' title='bbox 540 1070 601 1151; x_wconf 83' lang='lat' dir='ltr'><strong>sit,</strong></span> <span class='ocrx_word' id='word_1_39' title='bbox 623 1084 656 1136; x_wconf 91' lang='lat' dir='ltr'><strong>et</strong></span> <span class='ocrx_word' id='word_1_40' title='bbox 674 1069 813 1161; x_wconf 88' lang='lat' dir='ltr'><strong>impune</strong></span> <span class='ocrx_word' id='word_1_41' title='bbox 835 1070 871 1136; x_wconf 93' lang='lat' dir='ltr'><strong>in</strong></span> <span class='ocrx_word' id='word_1_42' title='bbox 890 1068 946 1138; x_wconf 88' lang='lat' dir='ltr'><strong>his</strong></span> <span class='ocrx_word' id='word_1_43' title='bbox 963 1071 1113 1140; x_wconf 89' lang='lat' dir='ltr'><strong>tenebris</strong></span> <span class='ocrx_word' id='word_1_44' title='bbox 1129 1071 1222 1163; x_wconf 91' lang='lat' dir='ltr'><strong>loqui</strong></span> <span class='ocrx_word' id='word_1_45' title='bbox 1242 1070 1380 1154; x_wconf 88' lang='lat' dir='ltr'><strong>liceret,</strong></span> 
     </span>
     <span class='ocr_line' id='line_1_7' title="bbox 309 1169 1383 1278; baseline 0 -26"><span class='ocrx_word' id='word_1_46' title='bbox 309 1169 379 1277; x_wconf 74' lang='lat' dir='ltr'><strong>jam</strong></span> <span class='ocrx_word' id='word_1_47' title='bbox 393 1193 509 1253; x_wconf 87' lang='lat' dir='ltr'><strong>omnes</strong></span> <span class='ocrx_word' id='word_1_48' title='bbox 522 1185 634 1252; x_wconf 92' lang='lat' dir='ltr'><strong>omnia</strong></span> <span class='ocrx_word' id='word_1_49' title='bbox 648 1179 817 1253; x_wconf 80' lang='lat' dir='ltr'><strong>viderent.</strong></span> <span class='ocrx_word' id='word_1_50' title='bbox 833 1185 1019 1254; x_wconf 76' lang='lat' dir='ltr'><strong>Christiani</strong></span> <span class='ocrx_word' id='word_1_51' title='bbox 1033 1203 1068 1254; x_wconf 82' lang='lat' dir='ltr'><strong>ct</strong></span> <span class='ocrx_word' id='word_1_52' title='bbox 1080 1185 1189 1254; x_wconf 86' lang='lat' dir='ltr'><strong>Judaei</strong></span> <span class='ocrx_word' id='word_1_53' title='bbox 1203 1187 1301 1278; x_wconf 88' lang='lat' dir='ltr'><strong>quasi</strong></span> <span class='ocrx_word' id='word_1_54' title='bbox 1314 1210 1383 1253; x_wconf 90' lang='lat' dir='ltr'><strong>ma-</strong></span> 
     </span>
     <span class='ocr_line' id='line_1_8' title="bbox 314 1298 1382 1394; baseline -0.003 -26"><span class='ocrx_word' id='word_1_55' title='bbox 314 1298 507 1369; x_wconf 86' lang='lat' dir='ltr'><strong>chinatores</strong></span> <span class='ocrx_word' id='word_1_56' title='bbox 519 1298 686 1382; x_wconf 87' lang='lat' dir='ltr'><strong>incendii,</strong></span> <span class='ocrx_word' id='word_1_57' title='bbox 704 1299 872 1394; x_wconf 92' lang='lat' dir='ltr'><strong>supplicio</strong></span> <span class='ocrx_word' id='word_1_58' title='bbox 884 1301 975 1370; x_wconf 88' lang='lat' dir='ltr'><strong>allici</strong></span> <span class='ocrx_word' id='word_1_59' title='bbox 990 1301 1109 1369; x_wconf 83' lang='lat' dir='ltr'><strong>solent.</strong></span> <span class='ocrx_word' id='word_1_60' title='bbox 1127 1303 1309 1370; x_wconf 86' lang='lat' dir='ltr'><strong>Grassator</strong></span> <span class='ocrx_word' id='word_1_61' title='bbox 1321 1301 1382 1366; x_wconf 83' lang='lat' dir='ltr'><strong>istc</strong></span> 
     </span>
     <span class='ocr_line' id='line_1_9' title="bbox 315 1413 1382 1509; baseline -0.005 -24"><span class='ocrx_word' id='word_1_62' title='bbox 315 1417 469 1509; x_wconf 83' lang='lat' dir='ltr'><strong>quisquis</strong></span> <span class='ocrx_word' id='word_1_63' title='bbox 484 1417 555 1500; x_wconf 87' lang='lat' dir='ltr'><strong>est,</strong></span> <span class='ocrx_word' id='word_1_64' title='bbox 575 1418 630 1485; x_wconf 90' lang='lat' dir='ltr'><strong>cni</strong></span> <span class='ocrx_word' id='word_1_65' title='bbox 644 1416 798 1509; x_wconf 85' lang='lat' dir='ltr'><strong>voluptas</strong></span> <span class='ocrx_word' id='word_1_66' title='bbox 815 1417 1013 1484; x_wconf 83' lang='lat' dir='ltr'><strong>carnificina</strong></span> <span class='ocrx_word' id='word_1_67' title='bbox 1027 1431 1097 1498; x_wconf 87' lang='lat' dir='ltr'><strong>est,</strong></span> <span class='ocrx_word' id='word_1_68' title='bbox 1118 1432 1152 1483; x_wconf 86' lang='lat' dir='ltr'><strong>et</strong></span> <span class='ocrx_word' id='word_1_69' title='bbox 1169 1413 1382 1482; x_wconf 83' lang='lat' dir='ltr'><strong>mendacium</strong></span> 
     </span>
     <span class='ocr_line' id='line_1_10' title="bbox 313 1530 1382 1625; baseline -0.005 -25"><span class='ocrx_word' id='word_1_70' title='bbox 313 1533 556 1614; x_wconf 84' lang='lat' dir='ltr'><strong>velamentum,</strong></span> <span class='ocrx_word' id='word_1_71' title='bbox 575 1533 718 1625; x_wconf 81' lang='lat' dir='ltr'><strong>tempori</strong></span> <span class='ocrx_word' id='word_1_72' title='bbox 731 1555 792 1598; x_wconf 91' lang='lat' dir='ltr'><strong>suo</strong></span> <span class='ocrx_word' id='word_1_73' title='bbox 804 1530 990 1600; x_wconf 86' lang='lat' dir='ltr'><strong>destinatus</strong></span> <span class='ocrx_word' id='word_1_74' title='bbox 1003 1546 1070 1614; x_wconf 89' lang='lat' dir='ltr'><strong>est,</strong></span> <span class='ocrx_word' id='word_1_75' title='bbox 1087 1546 1121 1599; x_wconf 89' lang='lat' dir='ltr'><strong>ct</strong></span> <span class='ocrx_word' id='word_1_76' title='bbox 1133 1532 1281 1624; x_wconf 90' lang='lat' dir='ltr'><strong>optimus</strong></span> <span class='ocrx_word' id='word_1_77' title='bbox 1295 1531 1382 1620; x_wconf 92' lang='lat' dir='ltr'><strong>quis-</strong></span> 
     </span>
     <span class='ocr_line' id='line_1_11' title="bbox 313 1643 1382 1741; baseline -0.007 -24"><span class='ocrx_word' id='word_1_78' title='bbox 313 1668 381 1741; x_wconf 85' lang='lat' dir='ltr'><strong>que</strong></span> <span class='ocrx_word' id='word_1_79' title='bbox 395 1668 500 1717; x_wconf 88' lang='lat' dir='ltr'><strong>uunm</strong></span> <span class='ocrx_word' id='word_1_80' title='bbox 515 1671 578 1741; x_wconf 91' lang='lat' dir='ltr'><strong>pro</strong></span> <span class='ocrx_word' id='word_1_81' title='bbox 592 1647 706 1716; x_wconf 83' lang='lat' dir='ltr'><strong>multis</strong></span> <span class='ocrx_word' id='word_1_82' title='bbox 722 1645 882 1714; x_wconf 88' lang='lat' dir='ltr'><strong>donatum</strong></span> <span class='ocrx_word' id='word_1_83' title='bbox 896 1661 947 1713; x_wconf 88' lang='lat' dir='ltr'><strong>est</strong></span> <span class='ocrx_word' id='word_1_84' title='bbox 962 1661 1075 1738; x_wconf 87' lang='lat' dir='ltr'><strong>caput.</strong></span> <span class='ocrx_word' id='word_1_85' title='bbox 1095 1645 1144 1712; x_wconf 88' lang='lat' dir='ltr'><strong>Ita</strong></span> <span class='ocrx_word' id='word_1_86' title='bbox 1160 1659 1195 1711; x_wconf 89' lang='lat' dir='ltr'><strong>ct</strong></span> <span class='ocrx_word' id='word_1_87' title='bbox 1207 1643 1267 1712; x_wconf 90' lang='lat' dir='ltr'><strong>hio</strong></span> <span class='ocrx_word' id='word_1_88' title='bbox 1282 1643 1382 1711; x_wconf 85' lang='lat' dir='ltr'><strong>dero-</strong></span> 
     </span>
     <span class='ocr_line' id='line_1_12' title="bbox 315 1755 1381 1856; baseline -0.007 -25"><span class='ocrx_word' id='word_1_89' title='bbox 315 1779 369 1831; x_wconf 85' lang='lat' dir='ltr'><strong>tua</strong></span> <span class='ocrx_word' id='word_1_90' title='bbox 385 1786 449 1856; x_wconf 92' lang='lat' dir='ltr'><strong>pro</strong></span> <span class='ocrx_word' id='word_1_91' title='bbox 466 1764 623 1831; x_wconf 80' lang='lat' dir='ltr'><strong>omnibus</strong></span> <span class='ocrx_word' id='word_1_92' title='bbox 640 1763 713 1856; x_wconf 75' lang='lat' dir='ltr'><strong>igni</strong></span> <span class='ocrx_word' id='word_1_93' title='bbox 732 1759 950 1830; x_wconf 82' lang='lat' dir='ltr'><strong>cremabitur.</strong></span> <span class='ocrx_word' id='word_1_94' title='bbox 977 1761 1122 1826; x_wconf 90' lang='lat' dir='ltr'><strong>Centum</strong></span> <span class='ocrx_word' id='word_1_95' title='bbox 1143 1755 1289 1850; x_wconf 79' lang='lat' dir='ltr'><strong>triginta</strong></span> <span class='ocrx_word' id='word_1_96' title='bbox 1311 1757 1381 1824; x_wconf 79' lang='lat' dir='ltr'><strong>due</strong></span> 
     </span>
     <span class='ocr_line' id='line_1_13' title="bbox 315 1872 1381 1970; baseline -0.006 -24"><span class='ocrx_word' id='word_1_97' title='bbox 315 1875 450 1961; x_wconf 87' lang='lat' dir='ltr'><strong>domus,</strong></span> <span class='ocrx_word' id='word_1_98' title='bbox 467 1877 586 1946; x_wconf 75' lang='lat' dir='ltr'><strong>insulae</strong></span> <span class='ocrx_word' id='word_1_99' title='bbox 600 1891 757 1970; x_wconf 89' lang='lat' dir='ltr'><strong>quatuor,</strong></span> <span class='ocrx_word' id='word_1_100' title='bbox 772 1899 830 1943; x_wconf 82' lang='lat' dir='ltr'><strong>sex</strong></span> <span class='ocrx_word' id='word_1_101' title='bbox 843 1872 964 1943; x_wconf 89' lang='lat' dir='ltr'><strong>diebus</strong></span> <span class='ocrx_word' id='word_1_102' title='bbox 976 1897 1108 1959; x_wconf 82' lang='lat' dir='ltr'><strong>arsere3</strong></span> <span class='ocrx_word' id='word_1_103' title='bbox 1122 1875 1286 1966; x_wconf 88' lang='lat' dir='ltr'><strong>septimus</strong></span> <span class='ocrx_word' id='word_1_104' title='bbox 1299 1897 1381 1966; x_wconf 88' lang='lat' dir='ltr'><strong>pau-</strong></span> 
     </span>
     <span class='ocr_line' id='line_1_14' title="bbox 313 1987 1377 2084; baseline -0.007 -22"><span class='ocrx_word' id='word_1_105' title='bbox 313 2019 383 2062; x_wconf 90' lang='lat' dir='ltr'><strong>sam</strong></span> <span class='ocrx_word' id='word_1_106' title='bbox 400 1993 506 2062; x_wconf 90' lang='lat' dir='ltr'><strong>dedit.</strong></span> <span class='ocrx_word' id='word_1_107' title='bbox 526 1996 618 2062; x_wconf 87' lang='lat' dir='ltr'><strong>Bene</strong></span> <span class='ocrx_word' id='word_1_108' title='bbox 634 2009 666 2061; x_wconf 91' lang='lat' dir='ltr'><strong>te</strong></span> <span class='ocrx_word' id='word_1_109' title='bbox 684 1993 812 2077; x_wconf 86' lang='lat' dir='ltr'><strong>valere,</strong></span> <span class='ocrx_word' id='word_1_110' title='bbox 834 1991 952 2076; x_wconf 80' lang='lat' dir='ltr'><strong>irater,</strong></span> <span class='ocrx_word' id='word_1_111' title='bbox 971 2006 1063 2084; x_wconf 88' lang='lat' dir='ltr'><strong>opto.</strong></span> <span class='ocrx_word' id='word_1_112' title='bbox 1081 1992 1169 2059; x_wconf 89' lang='lat' dir='ltr'><strong>Data</strong></span> <span class='ocrx_word' id='word_1_113' title='bbox 1185 2014 1221 2059; x_wconf 79' lang='lat' dir='ltr'><strong>v.</strong></span> <span class='ocrx_word' id='word_1_114' title='bbox 1235 1987 1377 2059; x_wconf 90' lang='lat' dir='ltr'><strong>Calend.</strong></span> 
     </span>
     <span class='ocr_line' id='line_1_15' title="bbox 313 2109 938 2205; baseline -0.005 -28"><span class='ocrx_word' id='word_1_115' title='bbox 313 2110 424 2205; x_wconf 88' lang='lat' dir='ltr'><strong>April.</strong></span> <span class='ocrx_word' id='word_1_116' title='bbox 444 2109 595 2203; x_wconf 76' lang='lat' dir='ltr'><strong>Apronio</strong></span> <span class='ocrx_word' id='word_1_117' title='bbox 612 2127 647 2178; x_wconf 91' lang='lat' dir='ltr'><strong>ct</strong></span> <span class='ocrx_word' id='word_1_118' title='bbox 663 2111 828 2202; x_wconf 87' lang='lat' dir='ltr'><strong>Capitone</strong></span> <span class='ocrx_word' id='word_1_119' title='bbox 845 2110 938 2177; x_wconf 89' lang='lat' dir='ltr'><strong>Coss.</strong></span> 
     </span>
    </p>
   </div>
   <div class='ocr_carea' id='block_1_2' title="bbox 558 2291 1131 2353">
    <p class='ocr_par' dir='ltr' id='par_1_3' title="bbox 558 2291 1131 2353">
     <span class='ocr_line' id='line_1_16' title="bbox 558 2291 1131 2353; baseline -0.003 -1"><span class='ocrx_word' id='word_1_120' title='bbox 558 2291 642 2352; x_wconf 85' lang='lat' dir='ltr'><strong>Xll.</strong></span> <span class='ocrx_word' id='word_1_121' title='bbox 665 2312 799 2352; x_wconf 76' lang='lat' dir='ltr'><strong>suasca</strong></span> <span class='ocrx_word' id='word_1_122' title='bbox 821 2313 935 2353; x_wconf 69' lang='lat' dir='ltr'><strong>rinno</strong></span> <span class='ocrx_word' id='word_1_123' title='bbox 957 2312 1131 2352; x_wconf 74' lang='lat' dir='ltr'><strong>saturnu.</strong></span> 
     </span>
    </p>
   </div>
   <div class='ocr_carea' id='block_1_3' title="bbox 213 2455 1453 3699">
    <p class='ocr_par' dir='ltr' id='par_1_4' title="bbox 213 2455 1453 3699">
     <span class='ocr_line' id='line_1_17' title="bbox 361 2455 1378 2550; baseline 0.003 -26"><span class='ocrx_word' id='word_1_124' title='bbox 361 2457 433 2524; x_wconf 81' lang='lat' dir='ltr'><strong>Ave</strong></span> <span class='ocrx_word' id='word_1_125' title='bbox 441 2506 453 2543; x_wconf 87' lang='lat'><strong><em>,</em></strong></span> <span class='ocrx_word' id='word_1_126' title='bbox 482 2456 528 2522; x_wconf 91' lang='lat' dir='ltr'><strong>mi</strong></span> <span class='ocrx_word' id='word_1_127' title='bbox 555 2455 660 2523; x_wconf 89' lang='lat' dir='ltr'><strong>Paule</strong></span> <span class='ocrx_word' id='word_1_128' title='bbox 686 2457 870 2524; x_wconf 74' lang='lat' dir='ltr'><strong>carissime.</strong></span> <span class='ocrx_word' id='word_1_129' title='bbox 896 2458 968 2524; x_wconf 82' lang='lat' dir='ltr'><strong>Nisi</strong></span> <span class='ocrx_word' id='word_1_130' title='bbox 988 2457 1072 2524; x_wconf 89' lang='lat' dir='ltr'><strong>mibi</strong></span> <span class='ocrx_word' id='word_1_131' title='bbox 1089 2458 1290 2550; x_wconf 89' lang='lat' dir='ltr'><strong>nominique</strong></span> <span class='ocrx_word' id='word_1_132' title='bbox 1308 2483 1378 2526; x_wconf 88' lang='lat' dir='ltr'><strong>meo</strong></span> 
     </span>
     <span class='ocr_line' id='line_1_18' title="bbox 311 2565 1453 2653; baseline -0.002 -15"><span class='ocrx_word' id='word_1_133' title='bbox 311 2571 365 2638; x_wconf 82' lang='lat' dir='ltr'><strong>vir</strong></span> <span class='ocrx_word' id='word_1_134' title='bbox 375 2567 581 2638; x_wconf 83' lang='lat' dir='ltr'><strong>tantusetad</strong></span> <span class='ocrx_word' id='word_1_135' title='bbox 593 2567 630 2635; x_wconf 94' lang='lat' dir='ltr'><strong>id</strong></span> <span class='ocrx_word' id='word_1_136' title='bbox 642 2565 792 2635; x_wconf 87' lang='lat' dir='ltr'><strong>delectus</strong></span> <span class='ocrx_word' id='word_1_137' title='bbox 805 2567 960 2635; x_wconf 90' lang='lat' dir='ltr'><strong>omnibus</strong></span> <span class='ocrx_word' id='word_1_138' title='bbox 970 2567 1091 2653; x_wconf 86' lang='lat' dir='ltr'><strong>modis,</strong></span> <span class='ocrx_word' id='word_1_139' title='bbox 1106 2593 1174 2636; x_wconf 91' lang='lat' dir='ltr'><strong>non</strong></span> <span class='ocrx_word' id='word_1_140' title='bbox 1186 2568 1265 2638; x_wconf 90' lang='lat' dir='ltr'><strong>dico</strong></span> <span class='ocrx_word' id='word_1_141' title='bbox 1279 2571 1379 2640; x_wconf 86' lang='lat' dir='ltr'><strong>lucris</strong></span> <span class='ocrx_word' id='word_1_142' title='bbox 1452 2567 1453 2576; x_wconf 72' lang='grc'>’</span> 
     </span>
     <span class='ocr_line' id='line_1_19' title="bbox 307 2684 1375 2780; baseline 0 -25"><span class='ocrx_word' id='word_1_143' title='bbox 307 2687 461 2780; x_wconf 85' lang='lat' dir='ltr'><strong>junctus,</strong></span> <span class='ocrx_word' id='word_1_144' title='bbox 478 2685 536 2753; x_wconf 91' lang='lat' dir='ltr'><strong>sed</strong></span> <span class='ocrx_word' id='word_1_145' title='bbox 550 2685 738 2752; x_wconf 86' lang='lat' dir='ltr'><strong>necessario</strong></span> <span class='ocrx_word' id='word_1_146' title='bbox 752 2685 890 2769; x_wconf 83' lang='lat' dir='ltr'><strong>mixtus,</strong></span> <span class='ocrx_word' id='word_1_147' title='bbox 906 2699 1016 2752; x_wconf 90' lang='lat' dir='ltr'><strong>actum</strong></span> <span class='ocrx_word' id='word_1_148' title='bbox 1030 2685 1096 2754; x_wconf 89' lang='lat' dir='ltr'><strong>erit</strong></span> <span class='ocrx_word' id='word_1_149' title='bbox 1110 2684 1152 2753; x_wconf 88' lang='lat' dir='ltr'><strong>de</strong></span> <span class='ocrx_word' id='word_1_150' title='bbox 1164 2687 1297 2757; x_wconf 87' lang='lat' dir='ltr'><strong>Seneca</strong></span> <span class='ocrx_word' id='word_1_151' title='bbox 1309 2705 1375 2757; x_wconf 88' lang='lat' dir='ltr'><strong>tuo.</strong></span> 
     </span>
     <span class='ocr_line' id='line_1_20' title="bbox 213 2797 1377 2895; baseline 0.002 -24"><span class='ocrx_word' id='word_1_152' title='bbox 213 2861 219 2870; x_wconf 88' lang='lat'><strong>.</strong></span> <span class='ocrx_word' id='word_1_153' title='bbox 311 2802 427 2895; x_wconf 89' lang='lat' dir='ltr'><strong>Quum</strong></span> <span class='ocrx_word' id='word_1_154' title='bbox 437 2803 482 2868; x_wconf 86' lang='lat' dir='ltr'><strong>sia</strong></span> <span class='ocrx_word' id='word_1_155' title='bbox 495 2803 602 2894; x_wconf 80' lang='lat' dir='ltr'><strong>igitur</strong></span> <span class='ocrx_word' id='word_1_156' title='bbox 609 2814 744 2881; x_wconf 84' lang='lat' dir='ltr'><strong>vertex,</strong></span> <span class='ocrx_word' id='word_1_157' title='bbox 758 2815 792 2867; x_wconf 89' lang='lat' dir='ltr'><strong>et</strong></span> <span class='ocrx_word' id='word_1_158' title='bbox 804 2797 1041 2868; x_wconf 87' lang='lat' dir='ltr'><strong>altissimorum</strong></span> <span class='ocrx_word' id='word_1_159' title='bbox 1053 2803 1202 2869; x_wconf 91' lang='lat' dir='ltr'><strong>omnium</strong></span> <span class='ocrx_word' id='word_1_160' title='bbox 1212 2806 1377 2872; x_wconf 87' lang='lat' dir='ltr'><strong>montium</strong></span> 
     </span>
     <span class='ocr_line' id='line_1_21' title="bbox 311 2913 1378 3009; baseline 0 -25"><span class='ocrx_word' id='word_1_161' title='bbox 311 2937 492 2995; x_wconf 86' lang='lat' dir='ltr'><strong>cacumen,</strong></span> <span class='ocrx_word' id='word_1_162' title='bbox 514 2913 583 2981; x_wconf 90' lang='lat' dir='ltr'><strong>noli</strong></span> <span class='ocrx_word' id='word_1_163' title='bbox 600 2913 723 2997; x_wconf 80' lang='lat' dir='ltr'><strong>laterc3</strong></span> <span class='ocrx_word' id='word_1_164' title='bbox 741 2914 789 2980; x_wconf 87' lang='lat' dir='ltr'><strong>ita</strong></span> <span class='ocrx_word' id='word_1_165' title='bbox 805 2914 869 2980; x_wconf 87' lang='lat' dir='ltr'><strong>sim</strong></span> <span class='ocrx_word' id='word_1_166' title='bbox 885 2914 947 2981; x_wconf 91' lang='lat' dir='ltr'><strong>tibi</strong></span> <span class='ocrx_word' id='word_1_167' title='bbox 961 2915 1153 3009; x_wconf 85' lang='lat' dir='ltr'><strong>proximus,</strong></span> <span class='ocrx_word' id='word_1_168' title='bbox 1172 2931 1210 2984; x_wconf 92' lang='lat' dir='ltr'><strong>ut</strong></span> <span class='ocrx_word' id='word_1_169' title='bbox 1229 2917 1319 2987; x_wconf 91' lang='lat' dir='ltr'><strong>alter</strong></span> <span class='ocrx_word' id='word_1_170' title='bbox 1333 2921 1378 2986; x_wconf 91' lang='lat' dir='ltr'><strong>si·</strong></span> 
     </span>
     <span class='ocr_line' id='line_1_22' title="bbox 311 3024 1379 3131; baseline 0.002 -31"><span class='ocrx_word' id='word_1_171' title='bbox 311 3033 399 3101; x_wconf 89' lang='lat' dir='ltr'><strong>milis</strong></span> <span class='ocrx_word' id='word_1_172' title='bbox 414 3031 464 3099; x_wconf 91' lang='lat' dir='ltr'><strong>tui</strong></span> <span class='ocrx_word' id='word_1_173' title='bbox 482 3029 625 3123; x_wconf 88' lang='lat' dir='ltr'><strong>deputer</strong></span> <span class='ocrx_word' id='word_1_174' title='bbox 650 3055 657 3094; x_wconf 94' lang='lat'><strong>:</strong></span> <span class='ocrx_word' id='word_1_175' title='bbox 679 3024 774 3097; x_wconf 91' lang='lat' dir='ltr'><strong>haud</strong></span> <span class='ocrx_word' id='word_1_176' title='bbox 791 3030 905 3121; x_wconf 83' lang='lat' dir='ltr'><strong>itaque</strong></span> <span class='ocrx_word' id='word_1_177' title='bbox 923 3045 956 3098; x_wconf 90' lang='lat' dir='ltr'><strong>te</strong></span> <span class='ocrx_word' id='word_1_178' title='bbox 973 3029 1149 3131; x_wconf 81' lang='lat' dir='ltr'><strong>indignum</strong></span> <span class='ocrx_word' id='word_1_179' title='bbox 1166 3035 1279 3126; x_wconf 92' lang='lat' dir='ltr'><strong>prima</strong></span> <span class='ocrx_word' id='word_1_180' title='bbox 1296 3035 1379 3102; x_wconf 84' lang='lat' dir='ltr'><strong>facie</strong></span> 
     </span>
     <span class='ocr_line' id='line_1_23' title="bbox 309 3139 1375 3239; baseline 0.002 -25"><span class='ocrx_word' id='word_1_181' title='bbox 309 3145 527 3239; x_wconf 89' lang='lat' dir='ltr'><strong>epistolarum</strong></span> <span class='ocrx_word' id='word_1_182' title='bbox 552 3139 796 3211; x_wconf 91' lang='lat' dir='ltr'><strong>nominandum</strong></span> <span class='ocrx_word' id='word_1_183' title='bbox 817 3167 972 3229; x_wconf 85' lang='lat' dir='ltr'><strong>censeas,</strong></span> <span class='ocrx_word' id='word_1_184' title='bbox 996 3168 1040 3214; x_wconf 89' lang='lat' dir='ltr'><strong>ne</strong></span> <span class='ocrx_word' id='word_1_185' title='bbox 1061 3159 1129 3212; x_wconf 87' lang='lat' dir='ltr'><strong>tam</strong></span> <span class='ocrx_word' id='word_1_186' title='bbox 1149 3161 1282 3214; x_wconf 89' lang='lat' dir='ltr'><strong>tentare</strong></span> <span class='ocrx_word' id='word_1_187' title='bbox 1305 3172 1375 3230; x_wconf 90' lang='lat' dir='ltr'><strong>me,</strong></span> 
     </span>
     <span class='ocr_line' id='line_1_24' title="bbox 309 3257 1379 3353; baseline 0.002 -25"><span class='ocrx_word' id='word_1_188' title='bbox 309 3285 411 3353; x_wconf 88' lang='lat' dir='ltr'><strong>quam</strong></span> <span class='ocrx_word' id='word_1_189' title='bbox 427 3257 544 3327; x_wconf 89' lang='lat' dir='ltr'><strong>ludere</strong></span> <span class='ocrx_word' id='word_1_190' title='bbox 559 3259 726 3344; x_wconf 81' lang='lat' dir='ltr'><strong>videaris3</strong></span> <span class='ocrx_word' id='word_1_191' title='bbox 746 3259 875 3352; x_wconf 89' lang='lat' dir='ltr'><strong>quippe</strong></span> <span class='ocrx_word' id='word_1_192' title='bbox 895 3283 1000 3352; x_wconf 91' lang='lat' dir='ltr'><strong>quum</strong></span> <span class='ocrx_word' id='word_1_193' title='bbox 1025 3261 1111 3328; x_wconf 90' lang='lat' dir='ltr'><strong>scias</strong></span> <span class='ocrx_word' id='word_1_194' title='bbox 1128 3262 1236 3328; x_wconf 87' lang='lat' dir='ltr'><strong>civem</strong></span> <span class='ocrx_word' id='word_1_195' title='bbox 1255 3285 1328 3330; x_wconf 89' lang='lat' dir='ltr'><strong>esse</strong></span> <span class='ocrx_word' id='word_1_196' title='bbox 1345 3279 1379 3330; x_wconf 92' lang='lat' dir='ltr'><strong>te</strong></span> 
     </span>
     <span class='ocr_line' id='line_1_25' title="bbox 264 3373 1380 3465; baseline -0.002 -22"><span class='ocrx_word' id='word_1_197' title='bbox 264 3393 269 3400; x_wconf 83' lang='grc'><em>·</em></span> <span class='ocrx_word' id='word_1_198' title='bbox 309 3377 509 3443; x_wconf 86' lang='lat' dir='ltr'><strong>Romanum.</strong></span> <span class='ocrx_word' id='word_1_199' title='bbox 530 3377 614 3441; x_wconf 89' lang='lat' dir='ltr'><strong>Nam</strong></span> <span class='ocrx_word' id='word_1_200' title='bbox 631 3376 691 3464; x_wconf 93' lang='lat' dir='ltr'><strong>qui</strong></span> <span class='ocrx_word' id='word_1_201' title='bbox 709 3388 787 3440; x_wconf 87' lang='lat' dir='ltr'><strong>tuus</strong></span> <span class='ocrx_word' id='word_1_202' title='bbox 805 3387 856 3440; x_wconf 89' lang='lat' dir='ltr'><strong>est</strong></span> <span class='ocrx_word' id='word_1_203' title='bbox 873 3373 965 3465; x_wconf 91' lang='lat' dir='ltr'><strong>apud</strong></span> <span class='ocrx_word' id='word_1_204' title='bbox 979 3388 1054 3442; x_wconf 86' lang='lat' dir='ltr'><strong>tuos</strong></span> <span class='ocrx_word' id='word_1_205' title='bbox 1067 3374 1183 3457; x_wconf 89' lang='lat' dir='ltr'><strong>locus,</strong></span> <span class='ocrx_word' id='word_1_206' title='bbox 1202 3376 1323 3457; x_wconf 83' lang='lat' dir='ltr'><strong>velim,</strong></span> <span class='ocrx_word' id='word_1_207' title='bbox 1341 3391 1380 3441; x_wconf 88' lang='lat' dir='ltr'><strong>ut</strong></span> 
     </span>
     <span class='ocr_line' id='line_1_26' title="bbox 308 3488 1376 3583; baseline 0 -26"><span class='ocrx_word' id='word_1_208' title='bbox 308 3488 401 3583; x_wconf 87' lang='lat' dir='ltr'><strong>apud</strong></span> <span class='ocrx_word' id='word_1_209' title='bbox 418 3513 510 3556; x_wconf 84' lang='lat' dir='ltr'><strong>meos</strong></span> <span class='ocrx_word' id='word_1_210' title='bbox 527 3491 571 3556; x_wconf 89' lang='lat' dir='ltr'><strong>sit</strong></span> <span class='ocrx_word' id='word_1_211' title='bbox 590 3513 696 3556; x_wconf 87' lang='lat' dir='ltr'><strong>mens.</strong></span> <span class='ocrx_word' id='word_1_212' title='bbox 716 3488 818 3570; x_wconf 84' lang='lat' dir='ltr'><strong>Vale,</strong></span> <span class='ocrx_word' id='word_1_213' title='bbox 847 3491 891 3555; x_wconf 93' lang='lat' dir='ltr'><strong>mi</strong></span> <span class='ocrx_word' id='word_1_214' title='bbox 909 3489 1012 3557; x_wconf 90' lang='lat' dir='ltr'><strong>Paule</strong></span> <span class='ocrx_word' id='word_1_215' title='bbox 1034 3491 1221 3557; x_wconf 85' lang='lat' dir='ltr'><strong>carissime.</strong></span> <span class='ocrx_word' id='word_1_216' title='bbox 1239 3493 1325 3560; x_wconf 88' lang='lat' dir='ltr'><strong>Data</strong></span> <span class='ocrx_word' id='word_1_217' title='bbox 1342 3515 1376 3558; x_wconf 84' lang='lat' dir='ltr'><strong>x.</strong></span> 
     </span>
     <span class='ocr_line' id='line_1_27' title="bbox 310 3604 1028 3699; baseline -0.001 -26"><span class='ocrx_word' id='word_1_218' title='bbox 310 3605 384 3674; x_wconf 88' lang='lat' dir='ltr'><strong>Cal.</strong></span> <span class='ocrx_word' id='word_1_219' title='bbox 405 3604 515 3699; x_wconf 80' lang='lat' dir='ltr'><strong>April.</strong></span> <span class='ocrx_word' id='word_1_220' title='bbox 538 3606 689 3698; x_wconf 82' lang='lat' dir='ltr'><strong>Apronio</strong></span> <span class='ocrx_word' id='word_1_221' title='bbox 706 3619 741 3671; x_wconf 90' lang='lat' dir='ltr'><strong>et</strong></span> <span class='ocrx_word' id='word_1_222' title='bbox 755 3604 920 3696; x_wconf 88' lang='lat' dir='ltr'><strong>Capitone</strong></span> <span class='ocrx_word' id='word_1_223' title='bbox 933 3607 1028 3674; x_wconf 88' lang='lat' dir='ltr'><strong>Coss.</strong></span> 
     </span>
    </p>
   </div>
   <div class='ocr_carea' id='block_1_4' title="bbox 548 3789 1147 3851">
    <p class='ocr_par' dir='ltr' id='par_1_5' title="bbox 548 3789 1147 3851">
     <span class='ocr_line' id='line_1_28' title="bbox 548 3789 1147 3851; baseline 0 -1"><span class='ocrx_word' id='word_1_224' title='bbox 548 3789 656 3850; x_wconf 85' lang='lat' dir='ltr'><strong>XIII.</strong></span> <span class='ocrx_word' id='word_1_225' title='bbox 680 3809 817 3850; x_wconf 77' lang='lat' dir='ltr'><strong>sennes</strong></span> <span class='ocrx_word' id='word_1_226' title='bbox 840 3812 955 3850; x_wconf 77' lang='lat' dir='ltr'><strong>ranno</strong></span> <span class='ocrx_word' id='word_1_227' title='bbox 976 3810 1147 3851; x_wconf 70' lang='lat' dir='ltr'><strong>staurari.</strong></span> 
     </span>
    </p>
   </div>
   <div class='ocr_carea' id='block_1_5' title="bbox 311 3958 1381 4274">
    <p class='ocr_par' dir='ltr' id='par_1_6' title="bbox 311 3958 1381 4274">
     <span class='ocr_line' id='line_1_29' title="bbox 359 3958 1381 4053; baseline 0.001 -26"><span class='ocrx_word' id='word_1_228' title='bbox 359 3960 451 4044; x_wconf 79' lang='lat' dir='ltr'><strong>Ave,</strong></span> <span class='ocrx_word' id='word_1_229' title='bbox 482 3960 528 4026; x_wconf 92' lang='lat' dir='ltr'><strong>mi</strong></span> <span class='ocrx_word' id='word_1_230' title='bbox 549 3958 654 4028; x_wconf 85' lang='lat' dir='ltr'><strong>Paule</strong></span> <span class='ocrx_word' id='word_1_231' title='bbox 680 3960 864 4028; x_wconf 86' lang='lat' dir='ltr'><strong>carissime.</strong></span> <span class='ocrx_word' id='word_1_232' title='bbox 894 3958 1086 4052; x_wconf 69' lang='lat' dir='ltr'><strong>allegorice</strong></span> <span class='ocrx_word' id='word_1_233' title='bbox 1109 3974 1143 4026; x_wconf 89' lang='lat' dir='ltr'><strong>et</strong></span> <span class='ocrx_word' id='word_1_234' title='bbox 1165 3960 1381 4053; x_wconf 76' lang='lat' dir='ltr'><strong>aenigmatice</strong></span> 
     </span>
     <span class='ocr_line' id='line_1_30' title="bbox 311 4073 1381 4167; baseline -0.002 -23"><span class='ocrx_word' id='word_1_235' title='bbox 311 4078 446 4144; x_wconf 81' lang='lat' dir='ltr'><strong>multae</strong></span> <span class='ocrx_word' id='word_1_236' title='bbox 464 4091 498 4143; x_wconf 91' lang='lat' dir='ltr'><strong>te</strong></span> <span class='ocrx_word' id='word_1_237' title='bbox 516 4098 759 4167; x_wconf 83' lang='lat' dir='ltr'><strong>usquequaque</strong></span> <span class='ocrx_word' id='word_1_238' title='bbox 773 4097 874 4167; x_wconf 91' lang='lat' dir='ltr'><strong>opera</strong></span> <span class='ocrx_word' id='word_1_239' title='bbox 888 4076 1098 4158; x_wconf 90' lang='lat' dir='ltr'><strong>conduntur,</strong></span> <span class='ocrx_word' id='word_1_240' title='bbox 1118 4091 1152 4143; x_wconf 87' lang='lat' dir='ltr'><strong>et</strong></span> <span class='ocrx_word' id='word_1_241' title='bbox 1166 4073 1247 4144; x_wconf 91' lang='lat' dir='ltr'><strong>idco</strong></span> <span class='ocrx_word' id='word_1_242' title='bbox 1264 4101 1381 4144; x_wconf 91' lang='lat' dir='ltr'><strong>rerum</strong></span> 
     </span>
     <span class='ocr_line' id='line_1_31' title="bbox 312 4189 1380 4274; baseline 0.004 -16"><span class='ocrx_word' id='word_1_243' title='bbox 312 4207 401 4259; x_wconf 86' lang='lat' dir='ltr'><strong>tanta</strong></span> <span class='ocrx_word' id='word_1_244' title='bbox 419 4193 470 4258; x_wconf 85' lang='lat' dir='ltr'><strong>ris</strong></span> <span class='ocrx_word' id='word_1_245' title='bbox 489 4207 522 4258; x_wconf 90' lang='lat' dir='ltr'><strong>et</strong></span> <span class='ocrx_word' id='word_1_246' title='bbox 538 4193 671 4258; x_wconf 89' lang='lat' dir='ltr'><strong>numeri</strong></span> <span class='ocrx_word' id='word_1_247' title='bbox 696 4190 757 4257; x_wconf 88' lang='lat' dir='ltr'><strong>tibi</strong></span> <span class='ocrx_word' id='word_1_248' title='bbox 782 4189 920 4274; x_wconf 88' lang='lat' dir='ltr'><strong>tributi,</strong></span> <span class='ocrx_word' id='word_1_249' title='bbox 947 4214 1016 4260; x_wconf 92' lang='lat' dir='ltr'><strong>non</strong></span> <span class='ocrx_word' id='word_1_250' title='bbox 1036 4208 1235 4260; x_wconf 87' lang='lat' dir='ltr'><strong>ornamento</strong></span> <span class='ocrx_word' id='word_1_251' title='bbox 1255 4193 1380 4262; x_wconf 84' lang='lat' dir='ltr'><strong>verbo-</strong></span> 
     </span>
    </p>
   </div>
   <div class='ocr_carea' id='block_1_6' title="bbox 0 0 1480 4934">
    <p class='ocr_par' dir='ltr' id='par_1_7' title="bbox 0 0 1480 4934">
     <span class='ocr_line' id='line_1_32' title="bbox 0 0 1480 4934; baseline 0 0"><span class='ocrx_word' id='word_1_252' title='bbox 0 0 1480 4934; x_wconf 95' lang='lat' dir='ltr'><strong> </strong></span> 
     </span>
    </p>
   </div>
  </div>
 </body>
</html>
