2950 4934
417 322 681 418 boisrons
707 348 854 418 cxix.
1102 351 1166 421 313

98 477 244 545 illinitur
257 481 288 562 ¹,
306 477 334 545 si
350 476 500 545 familia²
517 493 576 545 aut
594 478 796 572 corporibus
809 476 934 562 electo,
955 493 1013 547 eut
1034 496 1168 573 specto·

97 590 174 661 bilis
196 593 293 661 cultu
316 588 381 661 est!
407 593 568 661 Omnium
596 595 737 663 istorum
762 593 905 664 reticius
933 594 969 662 in
993 593 1168 688 publicum
1196 612 1224 647 ¹²

96 701 246 801 spectnt³
262 710 349 791 :4ille
358 759 370 795 ,
390 734 492 801 quem
510 734 572 779 nos
588 726 623 779 ct
638 710 764 805 populo
777 726 813 780 et
834 711 979 780 fortune
1000 710 1167 781 subduxi-

97 847 189 905 mus,
206 823 325 894 beatus
338 826 520 894 introrsum
535 841 598 894 est.
617 828 725 909 Nam,
744 826 836 918 quod
846 824 891 896 ed
908 825 985 894 illos
997 828 1164 919 pertinet,

95 941 187 1034 apud
201 965 287 1034 quos
303 941 385 1011 salso
399 940 592 1011 divitiorum
613 966 737 1011 nomen
757 944 882 1011 invasit
900 959 1065 1036 occupate
1079 967 1168 1037 pen·

95 1074 230 1151 pertas,
247 1060 297 1128 sic
309 1058 444 1127 divitias
461 1058 608 1142 babent,
626 1058 795 1152 quomodo
808 1059 938 1131 babere
956 1058 1103 1129 dicimur
1115 1062 1168 1131 fe-

95 1174 210 1259 brem,
223 1199 329 1268 quum
339 1176 397 1243 illn
411 1200 474 1245 nos
486 1174 624 1245 hubent.
636 1178 847 1246 Econtrsrio
857 1174 975 1245 dicere
985 1170 1164 1261 ‘solemus

98 1320 113 1353 s
134 1291 242 1360 febris
256 1293 350 1361 illum
364 1307 478 1361 tenet:
495 1318 513 1357 u
529 1292 764 1363 eodemmodo
778 1291 961 1362 dicendum
975 1308 1048 1377 est,
1073 1319 1091 1359 e
1106 1294 1169 1363 di-

94 1410 186 1477 ritiae
204 1410 301 1478 illurn
322 1426 451 1479 tenent.
471 1438 487 1475 u

139 1522 238 1591 Nihil
256 1546 339 1617 ergo
351 1526 520 1593 monuisse
534 1540 568 1592 te
585 1524 716 1607 malim,
733 1548 834 1618 qunm
852 1520 1047 1617 boc‚'quod
1065 1547 1166 1593 nemo
1193 1535 1223 1589 ι3

93 1655 252 1708 monetur
268 1642 370 1709 setis:
392 1657 430 1709 ut
443 1642 781 1711 omuiunaturulibus
798 1640 977 1711 desideriis
992 1642 1164 1726 metieris,

93 1754 219 1847 quibus
239 1770 299 1824 aut
319 1758 424 1850 gratis
446 1758 607 1841 satisfiat,
634 1772 694 1826 aut
709 1780 827 1850 parvo.
852 1758 1001 1826 Tantum
1023 1758 1166 1825 miscere

93 1872 173 1938 vitiu
187 1870 367 1941 desideriis
379 1871 462 1941 noli.
479 1872 628 1965 Quaeris,
645 1872 737 1966 quali
751 1896 884 1954 mensa,
901 1872 993 1965 quali
1006 1886 1162 1965 urgento,

94 2010 193 2077 quem
212 1989 354 2081 poribus
370 1990 566 2058 ministeriis
580 1980 592 2025 ⁵
610 2006 646 2058 et
663 1984 847 2070 laevibus⁶‚
868 1989 1030 2057 efferetur
1047 1987 1167 2057 cibus?

93 2102 185 2172 Nihil
193 2154 205 2193 ,
223 2120 350 2198 praeter
366 2105 499 2188 cibum,
520 2122 642 2216 nutura
662 2102 853 2175 desiderat!

256 2242 326 2293 Num
336 2241 398 2313 ribi,
408 2260 488 2313 qaum
498 2243 582 2295 lauces
592 2241 644 2295 urit
655 2242 724 2309 sitis,
737 2262 813 2296 aurea
823 2242 919 2315 queris

255 2324 350 2387 Pocula
361 2324 374 2377 ?
385 2346 446 2379 num
455 2362 463 2391 ,
473 2326 603 2391 esuriens,
616 2326 712 2381 fastidis
723 2326 827 2391 omnia,
838 2339 927 2399 praeter

255 2408 386 2473 Pavonem
397 2409 583 2481 rhombumque
592 2412 603 2469 7,
613 2407 640 2463 l.
649 2447 657 2463 .
667 2448 675 2464 .

93 2571 153 2637 sed,
165 2586 191 2626 ut
200 2574 229 2627 in
240 2574 343 2635 &necte
355 2575 440 2644 libris,
453 2576 489 2630 sie
501 2589 525 2631 et
536 2578 602 2649 apud
652 2589 731 2649 putes.
750 2576 791 2629 Cl.
809 2576 917 2629 Salmas.
938 2575 971 2629 ad
990 2576 1082 2648 Seript.
1101 2575 1167 2630 llist.

93 2648 203 2703 Dionem
220 2652 338 2705 Cassium
357 2654 424 2722 LlV,
442 2673 470 2707 ar
493 2667 517 2707 et
537 2654 603 2726 apnrl
653 2657 720 2726 Aug.
731 2655 763 2706 T.
774 2656 812 2718 ll,
826 2676 850 2727 p.
864 2657 920 2707 551.
935 2655 992 2706 Nic,
1002 2652 1123 2706 Heinsius
1133 2654 1166 2707 ad

94 2726 196 2780 Sueten.
205 2730 292 2783 Oetae.
310 2730 350 2796 67.
367 2730 483 2803 linantur
500 2746 604 2785 vocatur
652 2730 729 2783 Ovid.
740 2732 772 2784 A.
783 2734 815 2784 Α.
825 2733 877 2799 111,
890 2730 951 2792 232,
964 2731 1054 2801 quibus
1065 2730 1165 2803 egregie

94 2803 139 2855 ille
151 2807 255 2879 Augusti
267 2806 387 2871 libertus;
402 2808 472 2881 eujus
487 2810 603 2875 divitie,
618 2852 620 2855 .
651 2830 710 2863 unu
718 2824 754 2863 est
760 2812 876 2883 Bottiger
884 2812 918 2864 ad
928 2812 1024 2874 Horat..
1034 2811 1071 2862 1v
1080 2810 1165 2864 Carm.

93 2894 121 2934 nt
134 2882 193 2936 olim
210 2888 313 2951 Crassi,
326 2885 354 2939 in
364 2888 525 2959 proverbium
536 2888 603 2940 abie-
651 2906 684 2960 9,
700 2890 737 2955 ri.
751 2888 842 2941 liubit.

94 2975 158 3014 rant.
167 2962 206 3015 (Ξῖ.
219 2964 340 3017 Nostrum
356 2964 437 3035 Epist.
451 2978 509 3016 cxx.
520 2963 601 3019 Sele.
687 2986 710 3019 a.
721 2966 846 3020 Familia
854 2985 993 3021 servorum.
1004 2964 1094 3029 liuhi.

94 3038 175 3093 -De
194 3040 282 3093 Crasso
298 3041 385 3094 omnia
402 3063 416 3093 e
435 3040 560 3094 Cicerone
578 3054 603 3095 et
684 3045 709 3099 3.
724 3046 849 3100 Felicitas
866 3049 895 3097 in
910 3045 1044 3111 publifflm
1058 3050 1164 3110 spectat.

96 3116 220 3171 Plutarchi
232 3118 284 3171 rita
302 3130 372 3171 note.
387 3118 477 3172 Ruit.
488 3146 521 3159 —
535 3121 602 3174 Per-
651 3122 737 3197 Vulgo
752 3123 854 3176 videtur
870 3123 946 3185 ielis,
963 3141 1017 3182 nou
1030 3132 1073 3172 est.
1082 3120 1166 3173 Vertit

94 3193 144 3245 sins
154 3212 160 3247 :
171 3216 184 3241 a
191 3196 268 3249 Nune
281 3194 365 3248 Licini
376 3196 404 3248 in
413 3216 523 3271 campos,
532 3218 602 3253 nune
651 3202 791 3273 Lagraoge
801 3222 810 3255 .·
819 3204 861 3254 La
863 3203 967 3275 se'lr'er'le
980 3202 1013 3253 de
1028 3218 1069 3253 ces
1084 3200 1164 3253 richer

96 3272 176 3327 Crassi
190 3276 266 3329 mittit
283 3276 310 3329 in
321 3276 396 3329 edes.
404 3298 418 3323 s
429 3278 509 3331 Vetus
521 3277 602 3331 Persii
649 3282 716 3336 n'esl
727 3282 925 3350 qu'exle'rieure.

94 3352 232 3407 scholiastes
244 3354 382 3409 asservavit
399 3354 556 3426 epigramma
573 3355 600 3407 iu
682 3361 706 3426 l.
716 3358 847 3413 Solemus.
864 3358 908 3413 Sic
920 3360 1021 3411 Erasm.
1036 3370 1060 3411 et
1076 3375 1164 3410 omnes

96 3428 237 3485 licinum
258 3433 375 3485 Varrone
387 3434 482 3485 iactum
495 3450 502 3483 τ
514 3433 602 3485 «Mar-
649 3456 707 3490 mss.
724 3437 863 3490 Pincianus
880 3450 968 3490 eontra
979 3438 1046 3490 male
1063 3436 1163 3490 emend.

96 3524 178 3561 mereo
188 3508 289 3562 Licinus
298 3509 397 3563 tumulo
407 3508 485 3579 jaret,
498 3521 524 3562 at
536 3510 601 3563 Cato
649 3514 779 3568 debemus.
788 3514 879 3568 fluitis.

95 3602 185 3653 parv03
202 3587 337 3661 Pompeius
357 3585 454 3640 nullo:
475 3586 599 3641 eredimus
682 3594 705 3645 5.
720 3591 811 3662 Quam
819 3593 930 3661 paribus
940 3592 1165 3645 ministeriis-Ser·

96 3678 150 3711 esse
159 3661 260 3717 Densi»
648 3670 699 3734 vis,
713 3670 757 3740 qui
771 3669 963 3731 ministrabant,
977 3680 1048 3722 aetate
1065 3680 1109 3721 aut
1123 3688 1163 3721 co-

132 3756 154 3789 1·
163 3742 284 3797 illinitur.
294 3744 335 3798 De
347 3763 424 3809 auro,
440 3763 490 3814 quo
504 3756 598 3807 vestes,
647 3747 701 3800 lore
716 3746 824 3818 paribus.
841 3747 883 3799 De
896 3746 972 3798 Brer.
982 3745 1034 3798 Vit.
1046 3766 1067 3798 c.
1080 3765 1127 3809 ια,
1141 3766 1164 3797 ι.

96 3838 229 3890 marmora,
242 3836 300 3888 eto,
311 3835 443 3889 eruantur,
456 3826 492 3875 sb·
503 3826 600 3877 illinire
647 3825 723 3896 Lips.

94 3894 122 3946 in
138 3914 180 3949 usu
196 3912 260 3967 erat,
275 3900 393 3965 termini,
408 3914 436 3953 ut
447 3898 481 3953 ite
497 3900 599 3967 dicem,
682 3903 706 3956 6.
723 3904 851 3958 Laribm.
867 3901 985 3967 Glabrio,
1002 3914 1029 3955 ut
1044 3900 1105 3955 alibi
1116 3920 1163 3954 ro·

91 3971 198 4027 techniei
212 3976 284 4043 loeo,
299 3997 350 4047 quo
364 3996 438 4050 grue.
449 3980 547 4048 Βρέχιιν
561 3972 600 4031 ex·
650 3993 704 4044 eat,
717 3993 741 4032 et
751 3982 805 4033 sine
815 3980 880 4051 pilis.

92 4067 235 4117 presserunt.
249 4057 365 4120 Moneo,
385 4074 417 4107 ne
433 4055 530 4108 hericis
548 4075 600 4107 cre·
686 4078 705 4125 7.
720 4056 927 4128 Rhomburrsque·
938 4057 1031 4109 Versus
1039 4068 1098 4108 sunt
1109 4054 1162 4107 llo-

91 4124 158 4178 deus
170 4166 176 4194 ,
188 4144 339 4206 contemptus
356 4152 429 4187 eausa
448 4134 527 4205 posita
546 4132 600 4201 brer
650 4136 706 4202 ratii
720 4134 774 4188 Sat.
789 4136 813 4200 l,
828 4155 860 4199 2,
877 4133 922 4187 113
933 4152 970 4204 sq.
982 4132 1073 4185 llulslr.
