2950 4934
463 383 726 456 ur1suont
749 383 832 452 xc.
879 333 883 340 ’
1146 383 1191 456 35

112 542 193 618 pura
203 533 323 590 versat
335 533 373 586 et
383 517 563 586 acerrimis
574 516 696 584 excitat
708 514 855 582 stimulis
873 540 880 581 :
896 529 1044 607 utquam
1058 517 1192 586 mollem

113 663 262 710 somnum
284 637 358 706 illis
381 633 470 708 dura
490 634 591 702 tellus
612 631 734 702 dobat¹
751 628 760 698 l
777 634 855 702 Non
872 633 1118 726 impendebant
1131 661 1195 706 cae·
1218 651 1250 718 42

114 753 176 822 lata
190 751 409 844 laqueariff,
430 746 548 821 sedin
568 761 687 841 operto
701 745 858 840 jacentes
870 746 984 816 sidera
996 749 1195 842 superlabe-

113 868 238 938 bantur
269 881 306 936 et
343 867 481 959 insigne
507 863 737 958 spectaculum
766 863 944 950 noctinm;
972 865 1119 936 mundus
1156 867 1194 935 in

113 1008 267 1079 praeccpe
277 975 483 1077 agebatur³,
500 982 634 1052 silentio
645 996 779 1052 tantum
789 1004 876 1075 opus
888 979 1030 1052 ducens.
1043 982 1130 1054 Tam
1144 986 1197 1054 in·

115 1097 228 1166 terdin
242 1097 327 1182 illis,
343 1121 447 1190 quam
457 1111 578 1184 noctur,
591 1089 774 1190 patebant⁴
789 1112 990 1190 prospectus
1000 1095 1104 1192 hujus
1113 1097 1194 1192 pul-

115 1216 297 1310 cherrimae
317 1213 460 1303 domus3
480 1213 610 1284 libebat
628 1214 757 1282 intueri
780 1213 901 1307 cigno,
927 1236 969 1280 ex
989 1212 1103 1285 media
1120 1213 1194 1282 coeli

114 1347 212 1426 parte
227 1333 424 1424 vergentia,
445 1354 564 1400 rursus
577 1355 618 1400 cx
634 1330 768 1400 occulto
778 1330 1044 1424 alinaurgentio.
1061 1329 1195 1423 Quidni
1221 1344 1254 1410 ⁴3

112 1447 251 1540 juvaret
268 1452 389 1544 vagari
406 1451 496 1518 inter
516 1463 583 1516 tum
601 1449 668 1517 late
686 1471 804 1542 sparsa
818 1446 1006 1516 miracula?
1019 1446 1066 1514 At
1078 1471 1137 1515 vos
1151 1444 1196 1514 ad

117 1588 251 1634 omnem
268 1582 437 1635 tectorum
454 1567 584 1658 pavetis
597 1557 756 1646 conum⁵‚
775 1579 830 1647 et,
850 1564 941 1631 inter
957 1564 1108 1656 picturas
1125 1587 1197 1633 veo-

117 1697 183 1750 trat
207 1683 240 1750 si
264 1682 351 1774 quid
371 1681 566 1775 increpuit,
597 1682 717 1775 lugitis
741 1681 888 1749 attoniti.
923 1682 1001 1748 Non
1023 1679 1197 1749 habebant

118 1796 234 1868 domos
244 1801 354 1868 instar
366 1789 539 1869 urbium⁶.
552 1798 714 1890 Spiritus,
728 1820 770 1865 ac
781 1795 872 1864 libor
882 1784 973 1864 inter
985 1811 1103 1890 aperta
1118 1820 1197 1890 per-

118 1913 259 1998 natust,
281 1930 317 1984 et
335 1915 419 1984 levis
441 1913 565 1984 umbra
591 1913 688 2007 rupic
711 1927 771 1980 out
795 1911 949 1992 arboris,
973 1927 1007 1980 ct
1024 1912 1196 2006 perlucidi

119 2029 250 2115 fontes,
280 2033 416 2123 rivique
441 2055 508 2098 non
526 2053 650 2124 opere,
671 2051 736 2098 nec
761 2028 894 2110 fistula,
914 2050 980 2096 nec
995 2027 1067 2095 ullo
1081 2044 1197 2096 coacto

119 2146 242 2216 itinere
265 2145 462 2216 obsolefacti
475 2139 502 2223 ⁸,
522 2145 583 2215 ced
602 2161 721 2239 sponte
741 2159 937 2227 currentes,
956 2160 991 2211 ct
1009 2159 1106 2237 prata
1123 2145 1197 2212 sinc

118 2279 190 2329 arto
207 2263 380 2346 formosa3
398 2265 490 2330 inter
503 2262 578 2330 baec
594 2275 728 2354 agreste
744 2260 976 2345 domicilium,
996 2261 1123 2329 rustica
1133 2285 1197 2354 po·

118 2377 240 2444 situm⁹
252 2402 372 2446 manu.
383 2379 465 2446 Haec
474 2393 547 2458 crat
560 2376 748 2446 secundum
760 2389 917 2442 naturam
929 2373 1067 2461 domue3
1079 2377 1116 2442 in
1129 2400 1198 2467 qua

119 2495 247 2564 libebat
270 2495 446 2578 babitare,
469 2519 534 2564 nec
555 2496 685 2589 ipsam,
713 2517 779 2560 nec
794 2516 859 2586 pro
881 2494 975 2585 ipso,
996 2494 1193 2562 timentem:

118 2635 210 2680 nunc
229 2637 446 2707 magnopore
460 2613 567 2682 nostri
582 2627 692 2680 metus
705 2626 794 2680 tecta
807 2625 899 2679 sunt.

119 2835 199 2886 fructu
213 2854 221 2888 :
237 2834 354 2888 rbditum
367 2847 412 2888 ant
423 2835 570 2912 sepositum.
580 2831 633 2885 Lt-
681 2831 762 2883 dium.
781 2829 857 2882 Conl.
876 2848 950 2902 supra
968 2829 1001 2882 ad
1020 2829 1036 2900 S
1053 2847 1073 2900 7.
1098 2829 1197 2904 Lipsius

118 2915 200 2978 psius.
682 2909 769 2964 docuit
790 2909 818 2961 iu
840 2909 1026 2971 Admirandis,
1050 2910 1140 2963 llomae
1160 2910 1196 2962 sic

153 3011 173 3043 ι.
183 2989 227 3042 ΑΙ
236 3011 321 3059 quam
332 2993 545 3044 mttem....dura
557 2993 633 3044 tellus
681 2989 766 3042 luisse.
777 2987 871 3038 Rntt.

119 3068 221 3122 dodoi!
235 3069 279 3121 sie
291 3067 393 3120 Gruter.
407 3080 432 3120 et
441 3067 567 3120 Gronovii
575 3087 633 3120 mss.
715 3088 739 3132 7.
754 3067 890 3138 ΡιζΙΙαΙω
908 3066 976 3119 dedit
999 3085 1046 3118 ms.
1069 3089 1094 3119 a.
1107 3066 1195 3141 Vulgo

120 3145 196 3198 Hand
209 3145 288 3200 dubie
300 3165 397 3199 verum.
406 3147 473 3199 Edd.
484 3146 571 3200 multoe
586 3165 634 3200 ca·
678 3148 772 3217 slatus.
784 3145 870 3201 Schts.

119 3225 282 3280 rentaocnlis
293 3238 437 3295 :utquam
447 3225 536 3279 Ruth.
714 3227 738 3278 8.
754 3225 892 3296 Rioique...
909 3225 1066 3298 obsolesoclt'.
1084 3225 1105 3279 l.
1123 3245 1145 3276 e.
1162 3225 1195 3276 ad

150 3324 175 3356 a.
188 3303 295 3357 Calata
305 3307 453 3373 laquearia.
465 3305 505 3359 Cl.
518 3326 592 3378 supra
600 3308 633 3360 ad
680 3303 814 3360 utilitatem
821 3306 915 3359 redacti
924 3325 952 3359 ac
960 3304 1194 3365 servitutemllivi,

119 3383 174 3452 Sd,
184 3381 233 3434 ubi
242 3383 370 3436 lacunaria
381 3381 398 3435 i.
407 3403 432 3454 q.
443 3383 578 3456 laquearia.
587 3383 623 3436 R.
681 3403 747 3455 equa
756 3383 788 3436 ad
797 3382 887 3435 libram
897 3395 991 3447 exacta,
1000 3401 1075 3450 opere
1083 3393 1194 3443 arcuato,

151 3463 176 3515 3.
188 3461 313 3515 Mundus
329 3465 357 3515 in
369 3481 482 3534 pmceps
497 3463 632 3530 agebatur.
646 3497 648 3502 f
681 3477 705 3516 et
713 3462 939 3517 substructionibus
947 3483 1022 3536 supra
1032 3475 1137 3525 terram,
1148 3459 1195 3511 du·

121 3541 231 3604 Natura,
249 3540 359 3593 mundns
377 3553 401 3594 et
419 3539 488 3593 Deus
502 3541 569 3593 idem
581 3561 631 3592 va·
681 3544 802 3597 cebantur
830 3543 859 3595 in
889 3540 990 3595 castella
1010 3559 1031 3592 s.
1055 3538 1195 3591 dividieula

121 3618 172 3670 lent
188 3637 230 3691 ap.
243 3617 350 3671 Stoicos.
365 3619 436 3672 llinc
452 3619 576 3673 Manilius
591 3619 630 3686 ll,
682 3623 834 3688 (boschus),
855 3619 925 3673 unde
944 3640 988 3694 per
1006 3617 1100 3671 fistulas
1109 3656 1117 3682 ‚
1130 3635 1195 3686 aqua

125 3699 181 3763 114:
189 3697 467 3768 «Materiaquedatum
474 3697 632 3771 estcogi,sed
680 3718 868 3772 quaquaversus
879 3698 907 3750 in
917 3697 1024 3750 fundum
1035 3708 1093 3760 etc,
1104 3707 1128 3746 et
1137 3705 1196 3744 tan-

123 3795 210 3848 cogsrs
222 3776 330 3830 mundb.
339 3797 354 3822 u
368 3774 410 3827 Cf.
422 3775 502 3848 bipsii
517 3775 631 3850 Phytiol·
681 3781 739 3834 dem
751 3781 860 3833 llornam
871 3779 1024 3852 dirigebatur
1033 3775 1118 3846 ibique
1127 3773 1196 3826 divi-

122 3855 190 3908 ῑῑῦὶῑ·
203 3855 232 3916 l·
245 3858 269 3908 5·
280 3854 371 3909 liudd-
682 3859 795 3913 debatur.
802 3859 842 3911 De
848 3853 1085 3928 bisaquaeductibus
1092 3873 1156 3906 rom.
1164 3854 1196 3906 cl.

153 3931 176 3996 4.
189 3932 334 3999 Petebant,
345 3953 373 3986 a.
385 3951 406 3986 c.
418 3931 455 3984 R.
465 3936 501 3986 A.
512 3934 574 3987 Non
583 3953 633 4002 po·
682 3950 739 4013 post
750 3937 921 4003 Frontinum,
936 3937 1036 3989 Adters
1049 3931 1195 3987 Besclrruib.

125 4011 200 4064 lebat.
210 4011 292 4066 Schw.
682 4018 730 4068 der
742 4014 825 4068 stadt
835 4016 914 4068 Rom.
928 4011 1155 4088 p-bbsquiublr.

137 4083 142 4094 '
156 4093 180 4143 5.
191 4089 509 4147 Pacetr'ssonum.lluinae
515 4090 633 4144 metml.
716 4115 740 4165 p.
749 4092 1030 4147 Positum-sicomoro
1043 4087 1194 4141 edd.Scbw.

154 4169 180 4222 b.
190 4171 250 4224 Non
260 4171 394 4224 habebant
400 4171 492 4222 domos
499 4172 586 4223 instar
592 4191 634 4222 ur·
686 4169 727 4222 dat
743 4172 871 4237 politum,
891 4168 964 4220 nulla
983 4168 1059 4219 allate
1078 4164 1194 4227 ratione,
