2950 4934
368 468 437 539 nx
463 466 641 539 uronis
665 468 897 539 sunnon.
1105 465 1173 559 ³9³

115 603 205 676 ulium
218 596 378 672 valetudo.
393 627 402 669 ι
419 599 527 669 haeret
542 597 621 681 hie,
637 621 707 693 quo
721 620 840 668 osrere
860 618 1036 689 nunquam
1056 610 1167 689 potes.

114 715 198 811 Quid
213 715 325 785 locum
343 712 498 810 abditum
515 713 622 808 legis,
645 727 680 781 et
702 710 851 787 arbitros
868 712 1048 802 removes?
1069 711 1173 779 Putas

114 833 168 901 tibi
190 832 387 927 contigisse,
411 847 451 901 ut
477 828 593 901 oeulos
617 830 771 899 omnium
793 828 969 925 effugias?
997 821 1167 896 Demens!

114 946 188 1041 quid
206 947 269 1035 tibi
289 947 430 1042 prodest
454 969 525 1017 non
547 944 678 1015 habere
699 945 894 1029 conscium,
915 940 1065 1037 ⁸habenti
1088 964 1172 1011 oon·

112 1063 275 1159 scientiam
288 1063 338 1133 io
378 1126 380 1131 ,
499 1100 503 1105 -
610 1096 615 1105 ·
1215 1062 1219 1069 “

498 1204 775 1281 Εἰυιᾶοιι,αρ.ω.
831 1215 833 1217 ’

155 1356 216 1424 ns.
235 1353 375 1447 Quanto
391 1352 514 1422 melius
531 1368 566 1422 et
581 1352 696 1422 verius
710 1354 867 1451 Seneca?
885 1378 903 1417 u
920 1352 1075 1421 Vultisne
1090 1374 1171 1435 vos,

112 1466 234 1559 inquit,
250 1470 361 1540 Deum
372 1468 523 1562 cogitare
535 1491 696 1563 magnum
706 1482 741 1536 et
750 1464 942 1560 placidum,
955 1482 989 1534 et
1002 1466 1176 1559 majestate

111 1575 174 1650 leni
189 1582 404 1652 verendum?
419 1584 587 1667 amicum,
620 1599 656 1651 et
677 1607 813 1679 semper
838 1584 877 1651 in
901 1582 1084 1677 proximo?
1104 1606 1176 1650 non

110 1698 409 1784 immolationibus,
424 1714 458 1770 et
471 1700 637 1792 sanguine
651 1698 758 1768 multu
771 1697 952 1767 colendum
970 1723 977 1766 ε
991 1722 1068 1791 quae
1082 1699 1176 1765 enim

109 1833 145 1878 ex
168 1810 395 1901 trucidatione
417 1813 670 1885 immerentium
694 1811 850 1905 voluptas
876 1811 958 1881 est?
980 1808 1041 1879 sed
1062 1824 1175 1877 mente

108 1950 209 2019 pura,
225 1929 318 2005 bono
335 1926 548 2020 honestoque
562 1926 738 2022 proposito
752 1928 856 2000 PNou
869 1925 995 2021 templs
1008 1922 1081 2008 ilii,
1098 1946 1179 1992 con·

111 2045 206 2134 gestis
220 2046 258 2113 iu
267 2023 484 2114 altitudinem
494 2044 581 2113 saxis
593 2042 799 2115 exstruenda
812 2058 892 2115 sunt
905 2069 914 2112 ε
928 2043 967 2114 in
977 2065 1038 2111 suo
1052 2040 1176 2132 cuique

110 2158 355 2250 consecrandus
374 2175 426 2229 est
442 2172 594 2256 pectore.
619 2185 637 2225 u

474 2338 479 2351 ·
511 2322 768 2399 numnam.
845 2302 848 2307 ’

151 2488 209 2558 ²9·
218 2468 436 2545 Noninsuite
445 2467 593 2537 Seneca¹
610 2468 774 2536 Romane
786 2465 884 2534 urbis
897 2479 1051 2559 tempore
1062 2462 1180 2534 distri·

104 2580 223 2654 buitim
242 2599 370 2655 tetntes.
394 2584 575 2652 «Primam
592 2582 685 2651 enim
704 2581 790 2650 dixit
811 2581 990 2650 infantiam
1012 2582 1076 2651 sub
1094 2605 1180 2676 rege

103 2700 243 2769 Romulo
256 2701 374 2783 finisse,
386 2724 407 2769 a
417 2722 485 2793 quo
495 2714 529 2767 et
538 2698 668 2799 genita,
680 2697 825 2790 etquuai
837 2693 982 2765 eduouta
993 2697 1038 2765 sit
1046 2676 1176 2767 Romu:

103 2812 225 2885 deinde
242 2818 428 2921 pueritiam
442 2813 506 2883 sub
524 2813 657 2891 ceteris,
674 2811 838 2906 regibus,
856 2836 877 2879 a
894 2811 1021 2904 quibus
1033 2828 1068 2881 et
1081 2829 1180 2882 aucta
1303 2810 1308 2819 ’

102 2930 163 3019 sit,
176 2948 212 3000 et
226 2930 422 3025 disciplinis
430 2928 586 3025 pluribus
597 2952 607 3013 5
620 2928 854 3020 institutisque
866 2927 1009 2996 formata
1025 2955 1034 2995 ε
1050 2943 1180 2998 atvero

102 3044 294 3139 Tarquinio
306 3062 471 3143 regnante
482 3069 590 3139 quum
598 3046 671 3138 jum
683 3046 780 3137 quasi
793 3044 907 3113 adulta
921 3068 996 3114 esse
1009 3047 1177 3141 ooepisset,

100 3144 277 3232 servitium
288 3186 358 3231 non
369 3162 499 3246 tulisse,
513 3148 560 3248 et,
572 3162 700 3261 rejecto
711 3160 868 3255 superbe
881 3159 1121 3242 dominationis
1124 3161 1180 3255 ju·

102 3298 143 3365 go
154 3324 163 3358 ‚
175 3276 338 3346 maluisse
349 3277 484 3371 legibus
493 3276 750 3370 obtemperare,
766 3299 869 3368 quam
878 3274 1043 3369 regibus:
1057 3301 1180 3369 quum-

100 3372 165 3479 due
187 3407 280 3471 esset
299 3384 528 3479 adolescentia
546 3390 620 3483 ejus
642 3390 712 3468 fine
738 3390 861 3459 Punici
882 3388 967 3458 beili
982 3390 1178 3474 terminata,

99 3518 169 3574 tum
197 3504 352 3599 denique
381 3490 591 3593 confirmatis
613 3505 746 3574 viribus
780 3508 921 3601 ooepisse
941 3494 1179 3604 juvenescere.¹

100 3622 242 3705 Sublata
260 3623 352 3709 enirn
373 3624 611 3717 Carthagine,
635 3646 711 3715 quae
734 3638 804 3692 tum
821 3622 883 3693 diu
904 3622 1026 3693 aemnla
1041 3625 1183 3719 Imperii

100 3734 183 3823 fuit,
200 3762 324 3808 manus
334 3762 410 3819 suus
422 3738 461 3807 in
474 3753 582 3807 totum
594 3735 711 3807 orbem
727 3752 819 3807 terra
830 3739 987 3831 marique
1000 3740 1154 3834 porrexit
1171 3766 1180 3807 ε

100 3850 211 3932 donee
233 3853 376 3951 regibus
399 3856 533 3926 eunetis
556 3870 592 3924 et
621 3854 818 3925 nationibus
846 3856 998 3949 Imperio
1019 3854 1185 3951 subjugu-

137 4090 163 4125 ι.
178 4070 247 4125 Non
264 4074 352 4127 inscite
372 4072 478 4129 Seneca.
497 4072 559 4129 Haee
580 4052 618 4127 ¹ud
666 4085 754 4128 mento
765 4036 849 4141 fuisso·
859 4075 923 4129 Non
934 4087 996 4148 puto
1010 4074 1061 4130 hue
1075 4077 1158 4130 faeere
1173 4116 1183 4146 ,

98 4146 181 4221 FIorr'
196 4150 354 4221 historiam,
372 4170 430 4223 qne
444 4163 536 4213 exstat,
548 4151 619 4204 refu-
667 4165 692 4205 et
709 4170 750 4205 res
762 4152 874 4225 inspectu
893 4150 961 4207 diuet
980 4151 1064 4224 :quie
1084 4152 1136 4206 olis
1157 4153 1185 4207 in

97 4240 175 4301 runt,
191 4240 220 4285 et
235 4228 362 4305 colligunt
377 4228 503 4297 Seuerum
516 4249 619 4303 cogno·
666 4228 748 4285 Floro
760 4229 866 4297 divisio,
876 4228 1086 4302 aliisqusfininm
1096 4243 1183 4299 etates
