2950 4934
213 482 464 567 onustos.
489 445 739 569 sn01con.
766 498 863 569 trs.
889 499 942 567 11.
1048 502 1115 598 ss,

55 665 111 723 cap.
125 640 182 727 29)
197 665 206 700 s
222 668 237 696 α
253 638 330 725 Ergo
345 639 518 723 quandoque
532 641 588 701 erit
601 641 741 701 terminus
755 642 841 703 rebus
855 640 1008 717 humanis,
1027 664 1118 725 quum

55 761 139 829 partes
161 762 241 809 terrae
265 749 384 810 interire
409 747 579 822 debuerint,
608 748 752 809 abolesive
773 748 903 810 iimditus
920 738 1001 823 tote',
1024 762 1058 811 ut
1081 750 1119 813 de

54 858 154 939 integro
168 868 248 934 tote,
265 854 369 930 rudes,
385 855 567 938 innoxieque
581 868 765 938 generentur,
783 878 837 917 nec
848 856 972 938 supersit
985 857 1017 917 in
1034 855 1118 919 dete-

53 964 120 1023 riore
132 964 274 1046 magister.
295 988 310 1016 s
331 958 406 1022 Nam
425 960 503 1021 bunc
519 960 607 1021 finem
626 962 793 1045 ponebant,
816 963 971 1025 emendare
985 976 1015 1023 et
1030 964 1119 1024 inno-

52 1091 122 1135 vare.
139 1068 256 1152 Itaque,
272 1082 306 1131 ut
318 1070 397 1131 idem
411 1068 452 1129 sit
465 1066 603 1152 (ibid),
622 1094 637 1122 ι
650 1090 709 1128 nen
723 1090 837 1151 semper
852 1090 887 1131 ee
901 1068 1018 1130 licentis
1033 1070 1120 1131 undis

54 1178 116 1251 erit,
130 1177 181 1239 sed
188 1190 304 1260 peracto
313 1177 402 1249 exitio
416 1175 531 1259 generis
544 1175 681 1251 humani,
692 1175 900 1258 exstinctisque
912 1177 1020 1258 pariter
1032 1176 1118 1253 ieris,

52 1283 80 1341 in
92 1305 209 1364 qustum
222 1283 354 1362 bomines
369 1282 484 1365 ingenis
498 1283 685 1356 transierant,
699 1283 806 1361 iterum
822 1303 911 1367 sqrras
924 1294 1001 1345 terre
1015 1285 1120 1347 sorbe-

52 1388 105 1463 bit,
121 1401 150 1450 et
162 1392 285 1480 rejectus
295 1410 312 1451 e
324 1386 429 1469 nostris
443 1388 578 1471 sedibus,
595 1390 627 1448 in
640 1410 692 1449 sua
705 1400 815 1458 secreta
829 1390 951 1472 pelletur
964 1388 1096 1451 Oceanus
1108 1414 1117 1451 s

53 1496 178 1596 anepos
197 1495 268 1579 ordo
289 1495 480 1557 revocabitur.
503 1492 596 1553 Omne
615 1495 721 1555 enimsi
735 1517 773 1556 ex
790 1496 903 1579 integro
917 1497 1118 1591 generabitur,

52 1601 215 1685 dabiturque
235 1603 319 1680 terris
339 1600 426 1683 bomo
447 1601 554 1682 inscius
576 1600 734 1676 scelerum,
758 1613 787 1661 et
800 1602 967 1664 melioribus
987 1606 1120 1688 auspiciis

52 1720 139 1769 nutus.
150 1700 224 1769 »En
234 1751 243 1782 ,
255 1730 342 1790 qum
352 1730 420 1769 vere
433 1707 494 1767 baec
503 1708 593 1768 nostri
607 1729 616 1765 s
629 1707 734 1789 etquis
749 1729 808 1768 non
818 1728 835 1768 e
844 1706 938 1769 Sacris
948 1709 1030 1771 libris
1041 1710 1119 1771 bau-

51 1814 114 1874 sisse
128 1826 230 1896 putet,
248 1826 277 1875 et
291 1826 443 1890 eventurn,
459 1826 488 1892 et
502 1813 637 1875 cansam?
652 1814 792 1875 Ceterum
805 1812 842 1876 de
857 1814 1070 1895 inundatione,
1089 1830 1119 1877 et

51 1920 188 2001 quomodo
202 1942 237 1981 eu
252 1921 317 1996 fiat,
333 1918 409 1980 belle
423 1932 452 1981 et
466 1918 571 1981 diserte
585 1919 713 2002 Seneca,
739 1920 797 1980 fine
812 1920 877 1981 libri
894 1922 970 1983 tertii
983 1921 1120 1998 Qnaestio·

50 2050 114 2087 num
131 2052 140 2087 ε
156 2041 188 2110 tn
207 2027 284 2090 vido.
307 2009 399 2089 ¹Vetus
414 2040 509 2089 sutem
524 2039 554 2088 et
565 2027 712 2109 popularis
733 2026 792 2087 baec
806 2027 905 2119 opinio
920 2029 957 2089 de
971 2028 1118 2105 Diluviis,
1251 2062 1253 2067 v

51 2157 80 2194 sc
92 2134 176 2217 pluro
187 2135 276 2211 inisse
290 2134 370 2215 Plato
384 2135 505 2210 asserit,
523 2136 576 2195 etsi
590 2134 663 2197 illud
678 2133 863 2214 Deuotionis,
878 2134 1044 2215 decentetur
1055 2148 1121 2196 tan-
1138 2133 1142 2137 ’

50 2255 128 2302 tum:
144 2242 197 2305 sed
213 2255 242 2304 et
256 2242 328 2303 Novi
343 2243 421 2321 erbis
433 2242 533 2329 incole
544 2265 561 2302 s
571 2242 728 2323 majoribus
742 2243 784 2304 sic
798 2254 980 2325 acceperunt.
997 2240 1121 2318 Penuni

50 2348 162 2409 tradunt
171 2347 312 2432 (August.
324 2347 444 2431 (lusu)
456 2372 465 2407 s
482 2373 496 2402 ι
506 2360 597 2409 terres
608 2369 656 2409 ess
671 2369 771 2423 omnes
783 2350 864 2429 oqrris
875 2368 983 2409 merses
990 2348 1119 2425 latuisse,

50 2455 166 2533 periisse
179 2454 328 2529 homines,
348 2454 476 2536 exceptis
497 2454 614 2535 paucis,
631 2454 725 2535 quiin
744 2454 841 2537 lignes
859 2474 927 2521 ruse
947 2474 978 2514 se
997 2476 1121 2537 recepe-

49 2572 130 2636 runt,
146 2560 228 2621 velut
237 2581 325 2621 neres
334 2586 349 2613 o
366 2560 430 2619 :ibi
442 2571 603 2620 commeatu
614 2559 729 2641 proviso
744 2542 853 2641 egisse,
869 2558 961 2655 donec
973 2581 1053 2651 uque
1063 2560 1121 2621 de-

49 2678 225 2747 crescerent,
237 2678 267 2727 et
275 2667 405 2745 abirent3
416 2663 495 2747 quod
510 2662 616 2724 indicio
629 2684 733 2723 canum
746 2662 924 2747 collegerunt
937 2687 946 2723 s
962 2684 1034 2747 quos
1045 2664 1121 2726 iores

48 2773 205 2856 identidem
220 2773 404 2846 emittebant,
423 2764 452 2851 et
467 2792 557 2852 quum
568 2766 678 2852 madidi
691 2792 709 2831 e
721 2781 820 2830 natntn
832 2768 977 2845 redirent,
993 2771 1121 2848 sciebant

48 2899 133 2959 equus
143 2900 296 2961 superesse
308 2901 316 2950 ;
326 2899 415 2959 quum
425 2876 550 2958 denique
560 2876 647 2952 sicci,
659 2874 769 2936 deesse.
780 2876 819 2936 At
831 2876 996 2952 Mexicsni,
1009 2904 1024 2931 u
1034 2878 1121 2960 quin-

48 3006 102 3065 que
119 2984 203 3045 Soles
224 2983 337 3065 adhoc
357 2984 411 3043 aevi
431 2983 550 3043 iudsse.
577 2980 617 3042 Et
631 2984 758 3066 primum
779 2982 861 3055 illurn
880 2984 962 3065 aquis
989 2985 1118 3067 perisse,

46 3112 161 3173 unaque
186 3112 253 3151 cuns
278 3112 313 3151 eo
327 3090 481 3173 homines,
505 3100 535 3149 et
550 3087 693 3173 quidquid
709 3090 742 3148 in
758 3089 842 3167 terris
866 3100 950 3149 esset.
966 3115 981 3143 s
1004 3087 1122 3173 (Lupus

46 3196 281 3281 Gomars.)Hsec
293 3197 336 3258 iili
351 3198 470 3279 pictrnis
483 3208 514 3277 et
523 3198 600 3275 notis
610 3196 724 3278 proditu
734 3197 771 3270 eb
783 3197 900 3279 antiquo
915 3196 1023 3258 babent
1033 3198 1120 3259 fidem

46 3304 188 3366 Platonici
197 3306 296 3367 diluvii
308 3349 317 3381 ,
327 3304 405 3386 quod
413 3304 444 3385 in
453 3302 598 3387 Atlantide
606 3304 719 3377 insula,
732 3315 762 3363 et
771 3304 845 3364 circa
854 3305 1004 3365 evenisset.
1016 3304 1097 3365 Heus
1109 3350 1118 3381 ,

47 3415 132 3473 etiam
147 3413 223 3474 illud
236 3413 328 3473 obiter
341 3436 349 3483 ;
364 3412 396 3471 in
409 3410 566 3491 Censorino
577 3409 634 3493 legi
646 3454 655 3485 ‚
667 3411 862 3489 exc’gnescere,
875 3420 906 3472 et
916 3434 1120 3495 estoquescm:

44 3542 106 3601 qun
122 3531 195 3580 sunt
214 3520 277 3601 ipsa
298 3516 370 3581 Stoae
385 3516 491 3590 verba,
514 3538 578 3599 quae
597 3517 628 3578 in
643 3514 756 3577 inertio
777 3539 864 3600 supra
878 3530 907 3579 et
921 3516 1019 3579 Graece
1040 3530 1120 3581 eruit

45 3632 243 3711 ἐξωχμοῦσθαι
254 3631 298 3689 καὶ
313 3626 523 3707 ὶξᾳυδατοῡσθαι.
