<?xml version="1.0" encoding="UTF-8"?>
<!DOCTYPE html PUBLIC "-//W3C//DTD XHTML 1.0 Transitional//EN"
    "http://www.w3.org/TR/xhtml1/DTD/xhtml1-transitional.dtd">
<html xmlns="http://www.w3.org/1999/xhtml" xml:lang="en" lang="en">
 <head>
  <title>
</title>
<meta http-equiv="Content-Type" content="text/html;charset=utf-8" />
  <meta name='ocr-system' content='tesseract 3.04.00' />
  <meta name='ocr-capabilities' content='ocr_page ocr_carea ocr_par ocr_line ocrx_word'/>
</head>
<body>
  <div class='ocr_page' id='page_1' title='image "./lannsenecparspr04bouigoog_0277.png"; bbox 0 0 2950 4934; ppageno 0'>
   <div class='ocr_carea' id='block_1_1' title="bbox 400 295 411 367">
    <p class='ocr_par' dir='ltr' id='par_1_1' title="bbox 400 295 411 367">
     <span class='ocr_line' id='line_1_1' title="bbox 400 295 411 367; baseline 0 0"><span class='ocrx_word' id='word_1_1' title='bbox 400 295 411 367; x_wconf 76' lang='lat' dir='ltr'><strong>i</strong></span> 
     </span>
    </p>
   </div>
   <div class='ocr_carea' id='block_1_2' title="bbox 411 442 1163 514">
    <p class='ocr_par' dir='ltr' id='par_1_2' title="bbox 411 442 1163 514">
     <span class='ocr_line' id='line_1_2' title="bbox 411 442 1163 514; baseline 0.005 -4"><span class='ocrx_word' id='word_1_2' title='bbox 411 442 680 512; x_wconf 82' lang='lat' dir='ltr'>EPISTOLA</span> <span class='ocrx_word' id='word_1_3' title='bbox 703 443 845 510; x_wconf 85' lang='lat' dir='ltr'>CXIV.</span> <span class='ocrx_word' id='word_1_4' title='bbox 1098 445 1163 514; x_wconf 73' lang='lat'><strong>265</strong></span> 
     </span>
    </p>
   </div>
   <div class='ocr_carea' id='block_1_3' title="bbox 94 573 1204 2973">
    <p class='ocr_par' dir='ltr' id='par_1_3' title="bbox 94 573 1204 2973">
     <span class='ocr_line' id='line_1_3' title="bbox 99 573 1159 669; baseline -0.004 -25"><span class='ocrx_word' id='word_1_5' title='bbox 99 599 272 669; x_wconf 78' lang='lat' dir='ltr'><strong>crepacem</strong></span> <span class='ocrx_word' id='word_1_6' title='bbox 284 573 410 642; x_wconf 84' lang='lat' dir='ltr'><strong>molam</strong></span> <span class='ocrx_word' id='word_1_7' title='bbox 428 575 616 644; x_wconf 81' lang='lat' dir='ltr'><strong>:-foeum</strong></span> <span class='ocrx_word' id='word_1_8' title='bbox 634 589 742 642; x_wconf 85' lang='lat' dir='ltr'><strong>mater</strong></span> <span class='ocrx_word' id='word_1_9' title='bbox 755 589 814 642; x_wconf 84' lang='lat' dir='ltr'><strong>aut</strong></span> <span class='ocrx_word' id='word_1_10' title='bbox 832 596 916 642; x_wconf 84' lang='lat' dir='ltr'><strong>uror</strong></span> <span class='ocrx_word' id='word_1_11' title='bbox 928 575 1159 644; x_wconf 74' lang='lat' dir='ltr'><strong>investium.»</strong></span> 
     </span>
     <span class='ocr_line' id='line_1_4' title="bbox 99 688 1164 783; baseline 0 -23"><span class='ocrx_word' id='word_1_12' title='bbox 99 695 228 760; x_wconf 88' lang='lat' dir='ltr'><strong>—Non</strong></span> <span class='ocrx_word' id='word_1_13' title='bbox 235 692 366 777; x_wconf 87' lang='lat' dir='ltr'><strong>statim,</strong></span> <span class='ocrx_word' id='word_1_14' title='bbox 378 715 483 782; x_wconf 94' lang='lat' dir='ltr'><strong>quum</strong></span> <span class='ocrx_word' id='word_1_15' title='bbox 493 691 567 758; x_wconf 77' lang='lat' dir='ltr'><strong>haec</strong></span> <span class='ocrx_word' id='word_1_16' title='bbox 577 690 719 783; x_wconf 81' lang='lat' dir='ltr'><strong>legeris,</strong></span> <span class='ocrx_word' id='word_1_17' title='bbox 732 688 799 757; x_wconf 90' lang='lat' dir='ltr'><strong>boe</strong></span> <span class='ocrx_word' id='word_1_18' title='bbox 811 688 873 757; x_wconf 88' lang='lat' dir='ltr'><strong>tibi</strong></span> <span class='ocrx_word' id='word_1_19' title='bbox 883 707 1057 772; x_wconf 78' lang='lat' dir='ltr'>occurret,</span> <span class='ocrx_word' id='word_1_20' title='bbox 1071 692 1164 762; x_wconf 89' lang='lat' dir='ltr'><strong>hune</strong></span> 
     </span>
     <span class='ocr_line' id='line_1_5' title="bbox 100 805 1159 899; baseline 0.002 -26"><span class='ocrx_word' id='word_1_21' title='bbox 100 831 183 891; x_wconf 86' lang='lat' dir='ltr'><strong>esse,</strong></span> <span class='ocrx_word' id='word_1_22' title='bbox 194 809 254 899; x_wconf 93' lang='lat' dir='ltr'><strong>qui</strong></span> <span class='ocrx_word' id='word_1_23' title='bbox 264 807 381 875; x_wconf 90' lang='lat' dir='ltr'><strong>solutis</strong></span> <span class='ocrx_word' id='word_1_24' title='bbox 391 808 514 876; x_wconf 86' lang='lat' dir='ltr'><strong>tunicis</strong></span> <span class='ocrx_word' id='word_1_25' title='bbox 522 809 559 874; x_wconf 91' lang='lat' dir='ltr'><strong>iu</strong></span> <span class='ocrx_word' id='word_1_26' title='bbox 569 805 663 876; x_wconf 87' lang='lat' dir='ltr'><strong>Urbe</strong></span> <span class='ocrx_word' id='word_1_27' title='bbox 674 829 808 898; x_wconf 88' lang='lat' dir='ltr'><strong>semper</strong></span> <span class='ocrx_word' id='word_1_28' title='bbox 817 807 1159 896; x_wconf 83' lang='lat' dir='ltr'><strong>incesseriti(¹nam,</strong></span> 
     </span>
     <span class='ocr_line' id='line_1_6' title="bbox 100 921 1162 1018; baseline 0 -26"><span class='ocrx_word' id='word_1_29' title='bbox 100 925 198 992; x_wconf 87' lang='lat' dir='ltr'><strong>etiam</strong></span> <span class='ocrx_word' id='word_1_30' title='bbox 208 949 315 1015; x_wconf 91' lang='lat' dir='ltr'><strong>quum</strong></span> <span class='ocrx_word' id='word_1_31' title='bbox 327 925 476 993; x_wconf 85' lang='lat' dir='ltr'><strong>absentis</strong></span> <span class='ocrx_word' id='word_1_32' title='bbox 485 924 624 993; x_wconf 86' lang='lat' dir='ltr'><strong>Caesaris</strong></span> <span class='ocrx_word' id='word_1_33' title='bbox 638 921 792 1015; x_wconf 82' lang='lat' dir='ltr'><strong>partibus</strong></span> <span class='ocrx_word' id='word_1_34' title='bbox 805 923 1017 1016; x_wconf 82' lang='lat' dir='ltr'><strong>fungeretur,</strong></span> <span class='ocrx_word' id='word_1_35' title='bbox 1028 925 1162 1018; x_wconf 90' lang='lat' dir='ltr'><strong>signum</strong></span> 
     </span>
     <span class='ocr_line' id='line_1_7' title="bbox 99 1039 1203 1134; baseline 0.002 -29"><span class='ocrx_word' id='word_1_36' title='bbox 99 1039 318 1108; x_wconf 86' lang='lat' dir='ltr'><strong>adiscincto²</strong></span> <span class='ocrx_word' id='word_1_37' title='bbox 330 1040 509 1134; x_wconf 82' lang='lat' dir='ltr'><strong>petebatur</strong></span> <span class='ocrx_word' id='word_1_38' title='bbox 523 1039 666 1130; x_wconf 88' lang='lat' dir='ltr'><strong>:)huuc</strong></span> <span class='ocrx_word' id='word_1_39' title='bbox 677 1061 774 1123; x_wconf 86' lang='lat' dir='ltr'><strong>esse,</strong></span> <span class='ocrx_word' id='word_1_40' title='bbox 795 1039 854 1131; x_wconf 93' lang='lat' dir='ltr'><strong>qui</strong></span> <span class='ocrx_word' id='word_1_41' title='bbox 877 1039 913 1105; x_wconf 91' lang='lat' dir='ltr'><strong>iu</strong></span> <span class='ocrx_word' id='word_1_42' title='bbox 927 1039 1108 1122; x_wconf 85' lang='lat' dir='ltr'><strong>tribunali,</strong></span> <span class='ocrx_word' id='word_1_43' title='bbox 1125 1041 1163 1107; x_wconf 92' lang='lat' dir='ltr'><strong>in</strong></span> <span class='ocrx_word' id='word_1_44' title='bbox 1190 1066 1203 1115; x_wconf 83' lang='lat'><strong>7</strong></span> 
     </span>
     <span class='ocr_line' id='line_1_8' title="bbox 99 1153 1163 1251; baseline -0.001 -29"><span class='ocrx_word' id='word_1_45' title='bbox 99 1157 234 1237; x_wconf 81' lang='lat' dir='ltr'><strong>rostris,</strong></span> <span class='ocrx_word' id='word_1_46' title='bbox 257 1159 294 1224; x_wconf 96' lang='lat' dir='ltr'><strong>in</strong></span> <span class='ocrx_word' id='word_1_47' title='bbox 310 1159 402 1226; x_wconf 91' lang='lat' dir='ltr'><strong>omni</strong></span> <span class='ocrx_word' id='word_1_48' title='bbox 418 1156 557 1251; x_wconf 87' lang='lat' dir='ltr'><strong>publico</strong></span> <span class='ocrx_word' id='word_1_49' title='bbox 578 1173 687 1238; x_wconf 86' lang='lat' dir='ltr'><strong>coetu,</strong></span> <span class='ocrx_word' id='word_1_50' title='bbox 706 1156 756 1222; x_wconf 88' lang='lat' dir='ltr'><strong>sic</strong></span> <span class='ocrx_word' id='word_1_51' title='bbox 774 1155 988 1248; x_wconf 85' lang='lat' dir='ltr'><strong>apparuerit,</strong></span> <span class='ocrx_word' id='word_1_52' title='bbox 1005 1171 1044 1224; x_wconf 88' lang='lat' dir='ltr'><strong>ut</strong></span> <span class='ocrx_word' id='word_1_53' title='bbox 1059 1153 1163 1246; x_wconf 82' lang='lat' dir='ltr'><strong>paliio</strong></span> 
     </span>
     <span class='ocr_line' id='line_1_9' title="bbox 97 1268 1160 1367; baseline 0 -29"><span class='ocrx_word' id='word_1_54' title='bbox 97 1271 268 1341; x_wconf 84' lang='lat' dir='ltr'><strong>velaretur</strong></span> <span class='ocrx_word' id='word_1_55' title='bbox 281 1268 419 1367; x_wconf 80' lang='lat' dir='ltr'><strong>caput³,</strong></span> <span class='ocrx_word' id='word_1_56' title='bbox 436 1274 579 1342; x_wconf 72' lang='lat' dir='ltr'><strong>exclusis</strong></span> <span class='ocrx_word' id='word_1_57' title='bbox 597 1273 767 1364; x_wconf 82' lang='lat' dir='ltr'><strong>utrimque</strong></span> <span class='ocrx_word' id='word_1_58' title='bbox 784 1269 941 1352; x_wconf 85' lang='lat' dir='ltr'><strong>auribus,</strong></span> <span class='ocrx_word' id='word_1_59' title='bbox 964 1293 1031 1338; x_wconf 93' lang='lat' dir='ltr'><strong>non</strong></span> <span class='ocrx_word' id='word_1_60' title='bbox 1043 1270 1160 1352; x_wconf 87' lang='lat' dir='ltr'><strong>aliter,</strong></span> 
     </span>
     <span class='ocr_line' id='line_1_10' title="bbox 97 1383 1161 1483; baseline -0.002 -27"><span class='ocrx_word' id='word_1_61' title='bbox 97 1413 196 1479; x_wconf 86' lang='lat' dir='ltr'><strong>quarn</strong></span> <span class='ocrx_word' id='word_1_62' title='bbox 210 1391 248 1456; x_wconf 89' lang='lat' dir='ltr'><strong>in</strong></span> <span class='ocrx_word' id='word_1_63' title='bbox 270 1393 371 1458; x_wconf 91' lang='lat' dir='ltr'><strong>mimo</strong></span> <span class='ocrx_word' id='word_1_64' title='bbox 388 1383 550 1473; x_wconf 67' lang='lat' dir='ltr'><strong>Divitesi,</strong></span> <span class='ocrx_word' id='word_1_65' title='bbox 569 1389 703 1483; x_wconf 79' lang='lat' dir='ltr'><strong>fugitivi</strong></span> <span class='ocrx_word' id='word_1_66' title='bbox 718 1388 849 1456; x_wconf 78' lang='lat' dir='ltr'><strong>solent?</strong></span> <span class='ocrx_word' id='word_1_67' title='bbox 864 1387 957 1455; x_wconf 89' lang='lat' dir='ltr'><strong>hune</strong></span> <span class='ocrx_word' id='word_1_68' title='bbox 972 1409 1064 1469; x_wconf 83' lang='lat' dir='ltr'><strong>esse,</strong></span> <span class='ocrx_word' id='word_1_69' title='bbox 1083 1388 1161 1469; x_wconf 85' lang='lat' dir='ltr'><strong>cui,</strong></span> 
     </span>
     <span class='ocr_line' id='line_1_11' title="bbox 96 1497 1164 1594; baseline 0 -26"><span class='ocrx_word' id='word_1_70' title='bbox 96 1520 177 1570; x_wconf 89' lang='lat' dir='ltr'><strong>tunc</strong></span> <span class='ocrx_word' id='word_1_71' title='bbox 194 1497 361 1571; x_wconf 87' lang='lat' dir='ltr'><strong>maxime⁵</strong></span> <span class='ocrx_word' id='word_1_72' title='bbox 384 1504 542 1572; x_wconf 87' lang='lat' dir='ltr'><strong>civilibus</strong></span> <span class='ocrx_word' id='word_1_73' title='bbox 566 1502 665 1572; x_wconf 83' lang='lat' dir='ltr'><strong>bellis</strong></span> <span class='ocrx_word' id='word_1_74' title='bbox 687 1500 937 1594; x_wconf 71' lang='lat' dir='ltr'><strong>strepentibus,</strong></span> <span class='ocrx_word' id='word_1_75' title='bbox 965 1516 1000 1567; x_wconf 90' lang='lat' dir='ltr'><strong>et</strong></span> <span class='ocrx_word' id='word_1_76' title='bbox 1021 1499 1164 1568; x_wconf 85' lang='lat' dir='ltr'><strong>sollicita</strong></span> 
     </span>
     <span class='ocr_line' id='line_1_12' title="bbox 96 1611 1165 1708; baseline -0.001 -24"><span class='ocrx_word' id='word_1_77' title='bbox 96 1618 182 1686; x_wconf 90' lang='lat' dir='ltr'><strong>urbe</strong></span> <span class='ocrx_word' id='word_1_78' title='bbox 202 1635 238 1686; x_wconf 91' lang='lat' dir='ltr'><strong>et</strong></span> <span class='ocrx_word' id='word_1_79' title='bbox 253 1635 400 1705; x_wconf 85' lang='lat' dir='ltr'><strong>armata,</strong></span> <span class='ocrx_word' id='word_1_80' title='bbox 425 1619 607 1688; x_wconf 84' lang='lat' dir='ltr'><strong>comitatus</strong></span> <span class='ocrx_word' id='word_1_81' title='bbox 625 1611 706 1685; x_wconf 69' lang='grc' dir='ltr'><strong>ὶιίο6</strong></span> <span class='ocrx_word' id='word_1_82' title='bbox 725 1618 883 1685; x_wconf 90' lang='lat' dir='ltr'><strong>fueritin</strong></span> <span class='ocrx_word' id='word_1_83' title='bbox 902 1614 1058 1708; x_wconf 78' lang='lat' dir='ltr'><strong>publico,</strong></span> <span class='ocrx_word' id='word_1_84' title='bbox 1082 1639 1165 1708; x_wconf 89' lang='lat' dir='ltr'><strong>spa-</strong></span> 
     </span>
     <span class='ocr_line' id='line_1_13' title="bbox 96 1731 1164 1826; baseline 0.002 -28"><span class='ocrx_word' id='word_1_85' title='bbox 96 1731 201 1800; x_wconf 85' lang='lat' dir='ltr'><strong>dones</strong></span> <span class='ocrx_word' id='word_1_86' title='bbox 219 1733 304 1816; x_wconf 92' lang='lat' dir='ltr'><strong>duo,</strong></span> <span class='ocrx_word' id='word_1_87' title='bbox 325 1735 432 1826; x_wconf 87' lang='lat' dir='ltr'><strong>magis</strong></span> <span class='ocrx_word' id='word_1_88' title='bbox 445 1750 557 1802; x_wconf 88' lang='lat' dir='ltr'><strong>tamen</strong></span> <span class='ocrx_word' id='word_1_89' title='bbox 569 1735 636 1802; x_wconf 85' lang='lat' dir='ltr'><strong>viri</strong></span> <span class='ocrx_word' id='word_1_90' title='bbox 651 1757 752 1826; x_wconf 86' lang='lat' dir='ltr'><strong>quam</strong></span> <span class='ocrx_word' id='word_1_91' title='bbox 769 1733 863 1826; x_wconf 77' lang='lat' dir='ltr'><strong>ipse?</strong></span> <span class='ocrx_word' id='word_1_92' title='bbox 882 1733 973 1800; x_wconf 92' lang='lat' dir='ltr'><strong>hunc</strong></span> <span class='ocrx_word' id='word_1_93' title='bbox 993 1756 1084 1817; x_wconf 87' lang='lat' dir='ltr'><strong>esse,</strong></span> <span class='ocrx_word' id='word_1_94' title='bbox 1105 1733 1164 1824; x_wconf 91' lang='lat' dir='ltr'><strong>qui</strong></span> 
     </span>
     <span class='ocr_line' id='line_1_14' title="bbox 94 1845 1164 1940; baseline 0.002 -29"><span class='ocrx_word' id='word_1_95' title='bbox 94 1870 234 1917; x_wconf 84' lang='lat' dir='ltr'><strong>uxorem</strong></span> <span class='ocrx_word' id='word_1_96' title='bbox 250 1847 374 1914; x_wconf 88' lang='lat' dir='ltr'><strong>millies</strong></span> <span class='ocrx_word' id='word_1_97' title='bbox 386 1846 498 1930; x_wconf 81' lang='lat' dir='ltr'><strong>duxit,</strong></span> <span class='ocrx_word' id='word_1_98' title='bbox 512 1872 617 1940; x_wconf 93' lang='lat' dir='ltr'><strong>quum</strong></span> <span class='ocrx_word' id='word_1_99' title='bbox 634 1872 736 1916; x_wconf 79' lang='lat' dir='ltr'><strong>unam</strong></span> <span class='ocrx_word' id='word_1_100' title='bbox 754 1845 929 1914; x_wconf 81' lang='lat' dir='ltr'><strong>babuerit²</strong></span> <span class='ocrx_word' id='word_1_101' title='bbox 941 1847 1047 1913; x_wconf 74' lang='lat' dir='ltr'><strong>rflaec</strong></span> <span class='ocrx_word' id='word_1_102' title='bbox 1059 1845 1164 1914; x_wconf 86' lang='lat' dir='ltr'><strong>rerba</strong></span> 
     </span>
     <span class='ocr_line' id='line_1_15' title="bbox 95 1958 1164 2053; baseline 0.001 -28"><span class='ocrx_word' id='word_1_103' title='bbox 95 1975 159 2026; x_wconf 87' lang='lat' dir='ltr'><strong>tarn</strong></span> <span class='ocrx_word' id='word_1_104' title='bbox 176 1959 333 2051; x_wconf 86' lang='lat' dir='ltr'><strong>improbe</strong></span> <span class='ocrx_word' id='word_1_105' title='bbox 348 1975 493 2047; x_wconf 87' lang='lat' dir='ltr'><strong>structa,</strong></span> <span class='ocrx_word' id='word_1_106' title='bbox 517 1978 584 2029; x_wconf 87' lang='lat' dir='ltr'><strong>tam</strong></span> <span class='ocrx_word' id='word_1_107' title='bbox 598 1961 816 2053; x_wconf 78' lang='lat' dir='ltr'><strong>negligenter</strong></span> <span class='ocrx_word' id='word_1_108' title='bbox 827 1958 979 2051; x_wconf 87' lang='lat' dir='ltr'><strong>abjecta,</strong></span> <span class='ocrx_word' id='word_1_109' title='bbox 1001 1973 1069 2025; x_wconf 85' lang='lat' dir='ltr'><strong>tam</strong></span> <span class='ocrx_word' id='word_1_110' title='bbox 1081 1982 1164 2026; x_wconf 92' lang='lat' dir='ltr'><strong>con-</strong></span> 
     </span>
     <span class='ocr_line' id='line_1_16' title="bbox 97 2073 1163 2168; baseline 0.003 -29"><span class='ocrx_word' id='word_1_111' title='bbox 97 2092 145 2141; x_wconf 86' lang='lat' dir='ltr'><strong>tra</strong></span> <span class='ocrx_word' id='word_1_112' title='bbox 174 2075 455 2144; x_wconf 87' lang='lat' dir='ltr'><strong>consuetudinem</strong></span> <span class='ocrx_word' id='word_1_113' title='bbox 480 2079 631 2144; x_wconf 87' lang='lat' dir='ltr'><strong>omnium</strong></span> <span class='ocrx_word' id='word_1_114' title='bbox 655 2077 790 2168; x_wconf 88' lang='lat' dir='ltr'><strong>posita,</strong></span> <span class='ocrx_word' id='word_1_115' title='bbox 818 2073 1021 2156; x_wconf 86' lang='lat' dir='ltr'><strong>ostendunt,</strong></span> <span class='ocrx_word' id='word_1_116' title='bbox 1053 2096 1163 2142; x_wconf 88' lang='lat' dir='ltr'><strong>mores</strong></span> 
     </span>
     <span class='ocr_line' id='line_1_17' title="bbox 95 2190 1159 2283; baseline -0.002 -25"><span class='ocrx_word' id='word_1_117' title='bbox 95 2211 230 2282; x_wconf 84' lang='lat' dir='ltr'><strong>quoque</strong></span> <span class='ocrx_word' id='word_1_118' title='bbox 252 2216 323 2258; x_wconf 94' lang='lat' dir='ltr'><strong>non</strong></span> <span class='ocrx_word' id='word_1_119' title='bbox 340 2192 451 2259; x_wconf 89' lang='lat' dir='ltr'><strong>minus</strong></span> <span class='ocrx_word' id='word_1_120' title='bbox 473 2216 577 2260; x_wconf 86' lang='lat' dir='ltr'><strong>novos</strong></span> <span class='ocrx_word' id='word_1_121' title='bbox 596 2208 631 2259; x_wconf 92' lang='lat' dir='ltr'><strong>et</strong></span> <span class='ocrx_word' id='word_1_122' title='bbox 648 2214 771 2283; x_wconf 86' lang='lat' dir='ltr'><strong>pravos</strong></span> <span class='ocrx_word' id='word_1_123' title='bbox 787 2207 822 2258; x_wconf 90' lang='lat' dir='ltr'><strong>et</strong></span> <span class='ocrx_word' id='word_1_124' title='bbox 839 2190 1028 2283; x_wconf 79' lang='lat' dir='ltr'><strong>singulares</strong></span> <span class='ocrx_word' id='word_1_125' title='bbox 1044 2190 1159 2258; x_wconf 84' lang='lat' dir='ltr'><strong>fuisse.</strong></span> 
     </span>
     <span class='ocr_line' id='line_1_18' title="bbox 95 2297 1204 2397; baseline -0.005 -27"><span class='ocrx_word' id='word_1_126' title='bbox 95 2307 237 2373; x_wconf 84' lang='lat' dir='ltr'><strong>Maxima</strong></span> <span class='ocrx_word' id='word_1_127' title='bbox 257 2297 352 2374; x_wconf 81' lang='lat' dir='ltr'><strong>laus⁸</strong></span> <span class='ocrx_word' id='word_1_128' title='bbox 368 2307 420 2374; x_wconf 86' lang='lat' dir='ltr'><strong>iiii</strong></span> <span class='ocrx_word' id='word_1_129' title='bbox 438 2308 602 2374; x_wconf 90' lang='lat' dir='ltr'><strong>tribuitur</strong></span> <span class='ocrx_word' id='word_1_130' title='bbox 617 2303 885 2372; x_wconf 85' lang='lat' dir='ltr'><strong>mansuetudinis</strong></span> <span class='ocrx_word' id='word_1_131' title='bbox 902 2331 909 2368; x_wconf 92' lang='lat'>:</span> <span class='ocrx_word' id='word_1_132' title='bbox 925 2305 1080 2396; x_wconf 87' lang='lat' dir='ltr'><strong>pepercit</strong></span> <span class='ocrx_word' id='word_1_133' title='bbox 1094 2302 1163 2397; x_wconf 84' lang='lat' dir='ltr'><strong>gla-</strong></span> <span class='ocrx_word' id='word_1_134' title='bbox 1189 2318 1204 2365; x_wconf 83' lang='lat' dir='ltr'><strong>s</strong></span> 
     </span>
     <span class='ocr_line' id='line_1_19' title="bbox 96 2419 1162 2514; baseline 0.002 -28"><span class='ocrx_word' id='word_1_135' title='bbox 96 2419 170 2501; x_wconf 88' lang='lat' dir='ltr'><strong>dio,</strong></span> <span class='ocrx_word' id='word_1_136' title='bbox 192 2424 360 2514; x_wconf 83' lang='lat' dir='ltr'><strong>sanguine</strong></span> <span class='ocrx_word' id='word_1_137' title='bbox 377 2422 561 2507; x_wconf 80' lang='lat' dir='ltr'><strong>abstinuit3</strong></span> <span class='ocrx_word' id='word_1_138' title='bbox 583 2444 648 2488; x_wconf 90' lang='lat' dir='ltr'><strong>nee</strong></span> <span class='ocrx_word' id='word_1_139' title='bbox 663 2420 733 2488; x_wconf 84' lang='lat' dir='ltr'><strong>ulia</strong></span> <span class='ocrx_word' id='word_1_140' title='bbox 755 2420 895 2503; x_wconf 86' lang='lat' dir='ltr'><strong>aliare,</strong></span> <span class='ocrx_word' id='word_1_141' title='bbox 922 2419 1006 2512; x_wconf 94' lang='lat' dir='ltr'><strong>quid</strong></span> <span class='ocrx_word' id='word_1_142' title='bbox 1027 2435 1162 2514; x_wconf 82' lang='lat' dir='ltr'><strong>posset,</strong></span> 
     </span>
     <span class='ocr_line' id='line_1_20' title="bbox 97 2537 1166 2630; baseline 0 -26"><span class='ocrx_word' id='word_1_143' title='bbox 97 2561 199 2626; x_wconf 52' lang='lat' dir='ltr'><strong>quam&lt;</strong></span> <span class='ocrx_word' id='word_1_144' title='bbox 210 2538 366 2620; x_wconf 85' lang='lat' dir='ltr'><strong>lieentia,</strong></span> <span class='ocrx_word' id='word_1_145' title='bbox 382 2537 541 2606; x_wconf 88' lang='lat' dir='ltr'><strong>ostendit.</strong></span> <span class='ocrx_word' id='word_1_146' title='bbox 558 2540 655 2605; x_wconf 83' lang='lat' dir='ltr'><strong>Hanc</strong></span> <span class='ocrx_word' id='word_1_147' title='bbox 668 2538 776 2630; x_wconf 89' lang='lat' dir='ltr'><strong>ipsam</strong></span> <span class='ocrx_word' id='word_1_148' title='bbox 790 2537 923 2605; x_wconf 86' lang='lat' dir='ltr'><strong>laudem</strong></span> <span class='ocrx_word' id='word_1_149' title='bbox 936 2559 1030 2604; x_wconf 85' lang='lat' dir='ltr'><strong>suam</strong></span> <span class='ocrx_word' id='word_1_150' title='bbox 1045 2559 1166 2604; x_wconf 88' lang='lat' dir='ltr'><strong>eorru-</strong></span> 
     </span>
     <span class='ocr_line' id='line_1_21' title="bbox 96 2650 1164 2744; baseline 0.001 -27"><span class='ocrx_word' id='word_1_151' title='bbox 96 2653 149 2742; x_wconf 92' lang='lat' dir='ltr'><strong>pit</strong></span> <span class='ocrx_word' id='word_1_152' title='bbox 160 2655 233 2721; x_wconf 87' lang='lat' dir='ltr'><strong>istis</strong></span> <span class='ocrx_word' id='word_1_153' title='bbox 249 2654 410 2722; x_wconf 88' lang='lat' dir='ltr'><strong>erationis</strong></span> <span class='ocrx_word' id='word_1_154' title='bbox 425 2653 722 2744; x_wconf 71' lang='lat' dir='ltr'><strong>portentosissima</strong></span> <span class='ocrx_word' id='word_1_155' title='bbox 741 2650 872 2720; x_wconf 88' lang='lat' dir='ltr'><strong>deliciis</strong></span> <span class='ocrx_word' id='word_1_156' title='bbox 889 2676 897 2716; x_wconf 74' lang='grc' dir='ltr'><strong>ε</strong></span> <span class='ocrx_word' id='word_1_157' title='bbox 914 2666 1056 2744; x_wconf 88' lang='lat' dir='ltr'><strong>apparet</strong></span> <span class='ocrx_word' id='word_1_158' title='bbox 1068 2651 1164 2734; x_wconf 65' lang='lat' dir='ltr'><strong>‚enim</strong></span> 
     </span>
     <span class='ocr_line' id='line_1_22' title="bbox 97 2765 1165 2860; baseline 0.001 -27"><span class='ocrx_word' id='word_1_159' title='bbox 97 2767 229 2836; x_wconf 88' lang='lat' dir='ltr'><strong>mollem</strong></span> <span class='ocrx_word' id='word_1_160' title='bbox 248 2769 370 2852; x_wconf 84' lang='lat' dir='ltr'><strong>fuisse,</strong></span> <span class='ocrx_word' id='word_1_161' title='bbox 388 2792 458 2835; x_wconf 93' lang='lat' dir='ltr'><strong>non</strong></span> <span class='ocrx_word' id='word_1_162' title='bbox 481 2769 609 2836; x_wconf 88' lang='lat' dir='ltr'><strong>mitem.</strong></span> <span class='ocrx_word' id='word_1_163' title='bbox 636 2771 709 2835; x_wconf 90' lang='lat' dir='ltr'><strong>Hoc</strong></span> <span class='ocrx_word' id='word_1_164' title='bbox 729 2767 800 2835; x_wconf 83' lang='lat' dir='ltr'><strong>istae</strong></span> <span class='ocrx_word' id='word_1_165' title='bbox 817 2765 976 2860; x_wconf 78' lang='lat' dir='ltr'><strong>ambages</strong></span> <span class='ocrx_word' id='word_1_166' title='bbox 994 2770 1165 2859; x_wconf 85' lang='lat' dir='ltr'><strong>composi·-</strong></span> 
     </span>
     <span class='ocr_line' id='line_1_23' title="bbox 96 2880 1204 2973; baseline 0.005 -28"><span class='ocrx_word' id='word_1_167' title='bbox 96 2881 213 2963; x_wconf 88' lang='lat' dir='ltr'><strong>tionis,</strong></span> <span class='ocrx_word' id='word_1_168' title='bbox 235 2882 302 2949; x_wconf 90' lang='lat' dir='ltr'><strong>hoc</strong></span> <span class='ocrx_word' id='word_1_169' title='bbox 318 2881 424 2949; x_wconf 83' lang='lat' dir='ltr'><strong>verba</strong></span> <span class='ocrx_word' id='word_1_170' title='bbox 437 2897 645 2963; x_wconf 89' lang='lat' dir='ltr'><strong>transversa,</strong></span> <span class='ocrx_word' id='word_1_171' title='bbox 664 2882 731 2948; x_wconf 90' lang='lat' dir='ltr'><strong>hoc</strong></span> <span class='ocrx_word' id='word_1_172' title='bbox 745 2903 881 2962; x_wconf 85' lang='lat' dir='ltr'><strong>sensus,</strong></span> <span class='ocrx_word' id='word_1_173' title='bbox 899 2882 1013 2973; x_wconf 85' lang='lat' dir='ltr'><strong>magni</strong></span> <span class='ocrx_word' id='word_1_174' title='bbox 1025 2880 1163 2972; x_wconf 91' lang='lat' dir='ltr'><strong>quidem</strong></span> <span class='ocrx_word' id='word_1_175' title='bbox 1200 2933 1204 2950; x_wconf 75' lang='grc'><strong>,.</strong></span> 
     </span>
    </p>
   </div>
   <div class='ocr_carea' id='block_1_4' title="bbox 92 3096 1233 4260">
    <p class='ocr_par' dir='ltr' id='par_1_4' title="bbox 92 3096 1233 4260">
     <span class='ocr_line' id='line_1_24' title="bbox 95 3096 1162 3171; baseline 0.006 -25"><span class='ocrx_word' id='word_1_176' title='bbox 95 3117 157 3149; x_wconf 87' lang='lat' dir='ltr'><strong>nem</strong></span> <span class='ocrx_word' id='word_1_177' title='bbox 170 3099 286 3151; x_wconf 73' lang='lat' dir='ltr'><strong>describit</strong></span> <span class='ocrx_word' id='word_1_178' title='bbox 297 3099 343 3169; x_wconf 90' lang='lat' dir='ltr'><strong>qui</strong></span> <span class='ocrx_word' id='word_1_179' title='bbox 355 3119 402 3152; x_wconf 86' lang='lat' dir='ltr'><strong>nee</strong></span> <span class='ocrx_word' id='word_1_180' title='bbox 417 3098 521 3171; x_wconf 83' lang='lat' dir='ltr'><strong>genium</strong></span> <span class='ocrx_word' id='word_1_181' title='bbox 532 3097 602 3170; x_wconf 79' lang='lat' dir='ltr'><strong>genii</strong></span> <span class='ocrx_word' id='word_1_182' title='bbox 651 3096 724 3150; x_wconf 79' lang='lat' dir='ltr'><strong>Alias</strong></span> <span class='ocrx_word' id='word_1_183' title='bbox 733 3109 770 3150; x_wconf 83' lang='lat' dir='ltr'><strong>est</strong></span> <span class='ocrx_word' id='word_1_184' title='bbox 781 3097 953 3151; x_wconf 77' lang='lat' dir='ltr'><strong>delicatorum.</strong></span> <span class='ocrx_word' id='word_1_185' title='bbox 967 3097 1005 3150; x_wconf 78' lang='lat' dir='ltr'><strong>Cf.</strong></span> <span class='ocrx_word' id='word_1_186' title='bbox 1016 3097 1093 3171; x_wconf 82' lang='lat' dir='ltr'><strong>Lipeii</strong></span> <span class='ocrx_word' id='word_1_187' title='bbox 1103 3101 1162 3152; x_wconf 77' lang='lat' dir='ltr'><strong>Aur·</strong></span> 
     </span>
     <span class='ocr_line' id='line_1_25' title="bbox 95 3176 973 3252; baseline 0.003 -25"><span class='ocrx_word' id='word_1_188' title='bbox 95 3178 160 3227; x_wconf 76' lang='lat' dir='ltr'><strong>sesto</strong></span> <span class='ocrx_word' id='word_1_189' title='bbox 171 3176 258 3249; x_wconf 72' lang='lat' dir='ltr'><strong>placat</strong></span> <span class='ocrx_word' id='word_1_190' title='bbox 267 3177 343 3247; x_wconf 75' lang='lat' dir='ltr'><strong>lips.</strong></span> <span class='ocrx_word' id='word_1_191' title='bbox 651 3178 785 3252; x_wconf 81' lang='lat' dir='ltr'><strong>phitheatr.</strong></span> <span class='ocrx_word' id='word_1_192' title='bbox 799 3199 820 3231; x_wconf 90' lang='lat' dir='ltr'><strong>e.</strong></span> <span class='ocrx_word' id='word_1_193' title='bbox 833 3198 872 3230; x_wconf 68' lang='grc' dir='ltr'><strong>ιο.</strong></span> <span class='ocrx_word' id='word_1_194' title='bbox 884 3177 973 3230; x_wconf 67' lang='lat' dir='ltr'><strong>Reor.</strong></span> 
     </span>
     <span class='ocr_line' id='line_1_26' title="bbox 134 3253 1233 3324; baseline 0.005 -20"><span class='ocrx_word' id='word_1_195' title='bbox 134 3255 236 3306; x_wconf 68' lang='lat' dir='ltr'><strong>r-Nom</strong></span> <span class='ocrx_word' id='word_1_196' title='bbox 245 3253 604 3324; x_wconf 74' lang='lat' dir='ltr'><strong>quarn...sungeretur.i²rre-</strong></span> <span class='ocrx_word' id='word_1_197' title='bbox 684 3258 709 3321; x_wconf 69' lang='grc'><strong>4.</strong></span> <span class='ocrx_word' id='word_1_198' title='bbox 722 3258 830 3308; x_wconf 74' lang='lat' dir='ltr'><strong>Diuites.</strong></span> <span class='ocrx_word' id='word_1_199' title='bbox 848 3256 951 3308; x_wconf 81' lang='lat' dir='ltr'><strong>Rectius</strong></span> <span class='ocrx_word' id='word_1_200' title='bbox 969 3257 1054 3308; x_wconf 75' lang='lat' dir='ltr'><strong>forsan</strong></span> <span class='ocrx_word' id='word_1_201' title='bbox 1072 3255 1162 3309; x_wconf 67' lang='lat' dir='ltr'><strong>Dicite</strong></span> <span class='ocrx_word' id='word_1_202' title='bbox 1194 3295 1197 3300; x_wconf 85' lang='lat'>-</span> <span class='ocrx_word' id='word_1_203' title='bbox 1231 3263 1233 3270; x_wconf 85' lang='lat'>&#39;</span> 
     </span>
     <span class='ocr_line' id='line_1_27' title="bbox 93 3331 1128 3406; baseline 0.006 -25"><span class='ocrx_word' id='word_1_204' title='bbox 93 3332 173 3383; x_wconf 77' lang='lat' dir='ltr'><strong>sectos</strong></span> <span class='ocrx_word' id='word_1_205' title='bbox 179 3331 254 3384; x_wconf 81' lang='lat' dir='ltr'><strong>Urbis</strong></span> <span class='ocrx_word' id='word_1_206' title='bbox 264 3344 290 3384; x_wconf 87' lang='lat' dir='ltr'><strong>et</strong></span> <span class='ocrx_word' id='word_1_207' title='bbox 295 3331 384 3385; x_wconf 67' lang='lat' dir='ltr'><strong>Iulia.</strong></span> <span class='ocrx_word' id='word_1_208' title='bbox 391 3331 458 3384; x_wconf 86' lang='lat' dir='ltr'><strong>Vide</strong></span> <span class='ocrx_word' id='word_1_209' title='bbox 464 3331 544 3384; x_wconf 83' lang='lat' dir='ltr'><strong>Tacit.</strong></span> <span class='ocrx_word' id='word_1_210' title='bbox 551 3334 604 3384; x_wconf 78' lang='lat' dir='ltr'><strong>Au·</strong></span> <span class='ocrx_word' id='word_1_211' title='bbox 653 3333 693 3386; x_wconf 88' lang='lat' dir='ltr'><strong>ed.</strong></span> <span class='ocrx_word' id='word_1_212' title='bbox 702 3333 787 3386; x_wconf 77' lang='lat' dir='ltr'><strong>Ruhk.</strong></span> <span class='ocrx_word' id='word_1_213' title='bbox 799 3354 828 3385; x_wconf 81' lang='lat' dir='ltr'><strong>er</strong></span> <span class='ocrx_word' id='word_1_214' title='bbox 840 3333 921 3401; x_wconf 84' lang='lat' dir='ltr'><strong>Lipsii</strong></span> <span class='ocrx_word' id='word_1_215' title='bbox 930 3334 1035 3406; x_wconf 77' lang='lat' dir='ltr'><strong>conject.</strong></span> <span class='ocrx_word' id='word_1_216' title='bbox 1046 3333 1128 3388; x_wconf 67' lang='lat' dir='ltr'><strong>Schts.</strong></span> 
     </span>
     <span class='ocr_line' id='line_1_28' title="bbox 94 3407 1161 3482; baseline 0.007 -23"><span class='ocrx_word' id='word_1_217' title='bbox 94 3408 209 3470; x_wconf 73' lang='lat' dir='ltr'><strong>nal.V1,</strong></span> <span class='ocrx_word' id='word_1_218' title='bbox 226 3430 263 3462; x_wconf 88' lang='lat' dir='ltr'><strong>rs.</strong></span> <span class='ocrx_word' id='word_1_219' title='bbox 277 3407 366 3481; x_wconf 79' lang='lat' dir='ltr'><strong>Elegia</strong></span> <span class='ocrx_word' id='word_1_220' title='bbox 378 3411 405 3461; x_wconf 92' lang='lat' dir='ltr'><strong>in</strong></span> <span class='ocrx_word' id='word_1_221' title='bbox 418 3409 607 3469; x_wconf 72' lang='lat' dir='ltr'><strong>obitumMaee.,</strong></span> <span class='ocrx_word' id='word_1_222' title='bbox 685 3414 708 3463; x_wconf 84' lang='lat'><strong>5.</strong></span> <span class='ocrx_word' id='word_1_223' title='bbox 733 3412 807 3467; x_wconf 84' lang='lat' dir='ltr'><strong>Tunc</strong></span> <span class='ocrx_word' id='word_1_224' title='bbox 833 3416 975 3478; x_wconf 75' lang='lat' dir='ltr'><strong>maxime,</strong></span> <span class='ocrx_word' id='word_1_225' title='bbox 1001 3432 1055 3466; x_wconf 88' lang='lat' dir='ltr'><strong>non</strong></span> <span class='ocrx_word' id='word_1_226' title='bbox 1079 3434 1161 3482; x_wconf 85' lang='lat' dir='ltr'><strong>quum</strong></span> 
     </span>
     <span class='ocr_line' id='line_1_29' title="bbox 95 3486 1045 3560; baseline 0.005 -24"><span class='ocrx_word' id='word_1_227' title='bbox 95 3487 279 3553; x_wconf 55' lang='lat' dir='ltr'><strong>Menenius</strong></span> <span class='ocrx_word' id='word_1_228' title='bbox 296 3486 327 3539; x_wconf 88' lang='lat' dir='ltr'><strong>de</strong></span> <span class='ocrx_word' id='word_1_229' title='bbox 342 3488 435 3541; x_wconf 81' lang='lat' dir='ltr'><strong>Mutat.</strong></span> <span class='ocrx_word' id='word_1_230' title='bbox 452 3487 525 3560; x_wconf 82' lang='lat' dir='ltr'><strong>Reip.</strong></span> <span class='ocrx_word' id='word_1_231' title='bbox 538 3507 603 3539; x_wconf 83' lang='lat' dir='ltr'><strong>rom·</strong></span> <span class='ocrx_word' id='word_1_232' title='bbox 651 3494 784 3556; x_wconf 75' lang='lat' dir='ltr'><strong>mwime,</strong></span> <span class='ocrx_word' id='word_1_233' title='bbox 797 3511 824 3542; x_wconf 83' lang='lat' dir='ltr'><strong>o.</strong></span> <span class='ocrx_word' id='word_1_234' title='bbox 834 3512 855 3545; x_wconf 84' lang='lat' dir='ltr'><strong>e.</strong></span> <span class='ocrx_word' id='word_1_235' title='bbox 867 3491 901 3542; x_wconf 76' lang='lat' dir='ltr'><strong>Ii.</strong></span> <span class='ocrx_word' id='word_1_236' title='bbox 914 3493 949 3544; x_wconf 81' lang='lat' dir='ltr'><strong>A.</strong></span> <span class='ocrx_word' id='word_1_237' title='bbox 963 3491 1045 3544; x_wconf 76' lang='lat' dir='ltr'><strong>Sebw.</strong></span> 
     </span>
     <span class='ocr_line' id='line_1_30' title="bbox 97 3567 1160 3642; baseline 0.006 -27"><span class='ocrx_word' id='word_1_238' title='bbox 97 3567 325 3637; x_wconf 76' lang='lat' dir='ltr'><strong>(ap.Wernsdorf.</strong></span> <span class='ocrx_word' id='word_1_239' title='bbox 341 3567 372 3620; x_wconf 83' lang='lat' dir='ltr'><strong>P.</strong></span> <span class='ocrx_word' id='word_1_240' title='bbox 388 3568 417 3618; x_wconf 66' lang='lat'><strong>1».</strong></span> <span class='ocrx_word' id='word_1_241' title='bbox 430 3567 601 3634; x_wconf 81' lang='lat' dir='ltr'><strong>M.Vol.111‚</strong></span> <span class='ocrx_word' id='word_1_242' title='bbox 683 3569 707 3621; x_wconf 87' lang='grc'><strong>6.</strong></span> <span class='ocrx_word' id='word_1_243' title='bbox 720 3570 865 3622; x_wconf 77' lang='lat' dir='ltr'><strong>Comitatus</strong></span> <span class='ocrx_word' id='word_1_244' title='bbox 880 3569 1020 3642; x_wconf 78' lang='lat' dir='ltr'><strong>iu&#39;csuerr&#39;t.</strong></span> <span class='ocrx_word' id='word_1_245' title='bbox 1034 3569 1078 3622; x_wconf 79' lang='lat' dir='ltr'><strong>Sic</strong></span> <span class='ocrx_word' id='word_1_246' title='bbox 1088 3568 1160 3621; x_wconf 83' lang='lat' dir='ltr'><strong>fidu-</strong></span> 
     </span>
     <span class='ocr_line' id='line_1_31' title="bbox 96 3647 1158 3718; baseline -0.003 -17"><span class='ocrx_word' id='word_1_247' title='bbox 96 3667 125 3716; x_wconf 81' lang='lat' dir='ltr'><strong>p·</strong></span> <span class='ocrx_word' id='word_1_248' title='bbox 136 3647 340 3718; x_wconf 76' lang='lat' dir='ltr'><strong>absqq.)Ruhlr.</strong></span> <span class='ocrx_word' id='word_1_249' title='bbox 652 3648 733 3711; x_wconf 79' lang='lat' dir='ltr'><strong>eiam,</strong></span> <span class='ocrx_word' id='word_1_250' title='bbox 751 3667 827 3718; x_wconf 84' lang='lat' dir='ltr'><strong>quam</strong></span> <span class='ocrx_word' id='word_1_251' title='bbox 846 3647 874 3699; x_wconf 92' lang='lat' dir='ltr'><strong>in</strong></span> <span class='ocrx_word' id='word_1_252' title='bbox 893 3647 989 3718; x_wconf 90' lang='lat' dir='ltr'><strong>populo</strong></span> <span class='ocrx_word' id='word_1_253' title='bbox 1008 3658 1158 3713; x_wconf 81' lang='lat' dir='ltr'><strong>reponeret,</strong></span> 
     </span>
     <span class='ocr_line' id='line_1_32' title="bbox 132 3724 1159 3799; baseline 0.002 -23"><span class='ocrx_word' id='word_1_254' title='bbox 132 3741 154 3775; x_wconf 67' lang='lat' dir='ltr'><strong>a.</strong></span> <span class='ocrx_word' id='word_1_255' title='bbox 161 3724 299 3780; x_wconf 78' lang='lat' dir='ltr'><strong>Discincto.</strong></span> <span class='ocrx_word' id='word_1_256' title='bbox 309 3727 403 3779; x_wconf 76' lang='lat' dir='ltr'><strong>Parum</strong></span> <span class='ocrx_word' id='word_1_257' title='bbox 412 3725 516 3778; x_wconf 78' lang='lat' dir='ltr'><strong>militari</strong></span> <span class='ocrx_word' id='word_1_258' title='bbox 527 3743 534 3778; x_wconf 71' lang='grc' dir='ltr'><strong>ι</strong></span> <span class='ocrx_word' id='word_1_259' title='bbox 545 3747 602 3799; x_wconf 85' lang='lat' dir='ltr'><strong>opp.</strong></span> <span class='ocrx_word' id='word_1_260' title='bbox 651 3724 745 3799; x_wconf 87' lang='lat' dir='ltr'><strong>optime</strong></span> <span class='ocrx_word' id='word_1_261' title='bbox 752 3727 901 3781; x_wconf 76' lang='lat' dir='ltr'><strong>monstrarit</strong></span> <span class='ocrx_word' id='word_1_262' title='bbox 911 3726 1016 3798; x_wconf 82' lang='lat' dir='ltr'><strong>publice.</strong></span> <span class='ocrx_word' id='word_1_263' title='bbox 1027 3726 1065 3779; x_wconf 84' lang='lat' dir='ltr'><strong>Ci.</strong></span> <span class='ocrx_word' id='word_1_264' title='bbox 1077 3726 1159 3778; x_wconf 86' lang='lat' dir='ltr'><strong>Wie-</strong></span> 
     </span>
     <span class='ocr_line' id='line_1_33' title="bbox 94 3797 963 3880; baseline 0.005 -28"><span class='ocrx_word' id='word_1_265' title='bbox 94 3801 231 3867; x_wconf 69' lang='lat' dir='ltr'><strong>aeduum,</strong></span> <span class='ocrx_word' id='word_1_266' title='bbox 243 3804 401 3875; x_wconf 78' lang='lat' dir='ltr'><strong>praecinctus.</strong></span> <span class='ocrx_word' id='word_1_267' title='bbox 412 3803 512 3856; x_wconf 78' lang='lat' dir='ltr'><strong>huben.</strong></span> <span class='ocrx_word' id='word_1_268' title='bbox 522 3803 553 3856; x_wconf 88' lang='lat' dir='ltr'><strong>de</strong></span> <span class='ocrx_word' id='word_1_269' title='bbox 564 3805 603 3857; x_wconf 80' lang='lat' dir='ltr'><strong>Re</strong></span> <span class='ocrx_word' id='word_1_270' title='bbox 652 3806 721 3858; x_wconf 79' lang='lat' dir='ltr'><strong>land.</strong></span> <span class='ocrx_word' id='word_1_271' title='bbox 734 3806 752 3858; x_wconf 89' lang='lat' dir='ltr'><strong>l.</strong></span> <span class='ocrx_word' id='word_1_272' title='bbox 762 3806 779 3858; x_wconf 94' lang='lat' dir='ltr'><strong>l.</strong></span> <span class='ocrx_word' id='word_1_273' title='bbox 788 3797 815 3880; x_wconf 83' lang='lat' dir='ltr'><strong>p.</strong></span> <span class='ocrx_word' id='word_1_274' title='bbox 829 3809 864 3858; x_wconf 76' lang='lat'><strong>15.</strong></span> <span class='ocrx_word' id='word_1_275' title='bbox 875 3805 963 3858; x_wconf 78' lang='lat' dir='ltr'><strong>Rubk.</strong></span> 
     </span>
     <span class='ocr_line' id='line_1_34' title="bbox 95 3877 1160 3956; baseline -0.001 -23"><span class='ocrx_word' id='word_1_276' title='bbox 95 3877 201 3934; x_wconf 65' lang='lat' dir='ltr'><strong>Vestia.</strong></span> <span class='ocrx_word' id='word_1_277' title='bbox 210 3882 237 3949; x_wconf 88' lang='lat' dir='ltr'><strong>i,</strong></span> <span class='ocrx_word' id='word_1_278' title='bbox 249 3881 281 3944; x_wconf 71' lang='grc' dir='ltr'><strong>ὃς</strong></span> <span class='ocrx_word' id='word_1_279' title='bbox 296 3883 345 3955; x_wconf 87' lang='lat' dir='ltr'><strong>Ep.</strong></span> <span class='ocrx_word' id='word_1_280' title='bbox 353 3895 426 3945; x_wconf 71' lang='lat' dir='ltr'><strong>ren,</strong></span> <span class='ocrx_word' id='word_1_281' title='bbox 438 3881 483 3934; x_wconf 83' lang='lat' dir='ltr'><strong>fin.</strong></span> <span class='ocrx_word' id='word_1_282' title='bbox 495 3881 586 3936; x_wconf 67' lang='lat' dir='ltr'><strong>Rau.</strong></span> <span class='ocrx_word' id='word_1_283' title='bbox 686 3906 709 3951; x_wconf 90' lang='lat'><strong>7.</strong></span> <span class='ocrx_word' id='word_1_284' title='bbox 724 3884 815 3956; x_wconf 81' lang='lat' dir='ltr'><strong>Quum</strong></span> <span class='ocrx_word' id='word_1_285' title='bbox 830 3903 911 3937; x_wconf 81' lang='lat' dir='ltr'><strong>unam</strong></span> <span class='ocrx_word' id='word_1_286' title='bbox 923 3883 1046 3936; x_wconf 66' lang='lat' dir='ltr'><strong>trabucos.</strong></span> <span class='ocrx_word' id='word_1_287' title='bbox 1058 3881 1160 3934; x_wconf 83' lang='lat' dir='ltr'><strong>Teren-</strong></span> 
     </span>
     <span class='ocr_line' id='line_1_35' title="bbox 131 3954 1160 4032; baseline 0 -22"><span class='ocrx_word' id='word_1_288' title='bbox 131 3954 155 4005; x_wconf 82' lang='lat'><strong>3·</strong></span> <span class='ocrx_word' id='word_1_289' title='bbox 167 3958 242 4012; x_wconf 82' lang='lat' dir='ltr'><strong>Hunc</strong></span> <span class='ocrx_word' id='word_1_290' title='bbox 254 3980 344 4014; x_wconf 68' lang='lat' dir='ltr'><strong>esse...</strong></span> <span class='ocrx_word' id='word_1_291' title='bbox 357 3971 443 4027; x_wconf 82' lang='lat' dir='ltr'><strong>caput.</strong></span> <span class='ocrx_word' id='word_1_292' title='bbox 460 3962 600 4029; x_wconf 79' lang='lat' dir='ltr'><strong>Fortassis,</strong></span> <span class='ocrx_word' id='word_1_293' title='bbox 651 3963 728 4025; x_wconf 75' lang='lat' dir='ltr'><strong>tiam,</strong></span> <span class='ocrx_word' id='word_1_294' title='bbox 743 3982 801 4016; x_wconf 86' lang='lat' dir='ltr'><strong>eum</strong></span> <span class='ocrx_word' id='word_1_295' title='bbox 819 3981 869 4032; x_wconf 82' lang='lat' dir='ltr'><strong>qus</strong></span> <span class='ocrx_word' id='word_1_296' title='bbox 888 3961 986 4014; x_wconf 81' lang='lat' dir='ltr'><strong>assidua</strong></span> <span class='ocrx_word' id='word_1_297' title='bbox 1004 3960 1101 4032; x_wconf 77' lang='lat' dir='ltr'><strong>jurgia,</strong></span> <span class='ocrx_word' id='word_1_298' title='bbox 1115 3959 1160 4011; x_wconf 91' lang='lat' dir='ltr'><strong>di-</strong></span> 
     </span>
     <span class='ocr_line' id='line_1_36' title="bbox 92 4037 1160 4114; baseline 0.004 -30"><span class='ocrx_word' id='word_1_299' title='bbox 92 4051 157 4102; x_wconf 65' lang='lat' dir='ltr'><strong>que</strong></span> <span class='ocrx_word' id='word_1_300' title='bbox 168 4050 201 4088; x_wconf 84' lang='lat' dir='ltr'><strong>est</strong></span> <span class='ocrx_word' id='word_1_301' title='bbox 214 4037 367 4090; x_wconf 81' lang='lat' dir='ltr'><strong>Wiciaudii</strong></span> <span class='ocrx_word' id='word_1_302' title='bbox 384 4038 515 4111; x_wconf 79' lang='lat' dir='ltr'><strong>ingeniosa</strong></span> <span class='ocrx_word' id='word_1_303' title='bbox 534 4058 603 4090; x_wconf 89' lang='lat' dir='ltr'><strong>eon·</strong></span> <span class='ocrx_word' id='word_1_304' title='bbox 651 4040 747 4104; x_wconf 77' lang='lat' dir='ltr'><strong>sortia,</strong></span> <span class='ocrx_word' id='word_1_305' title='bbox 762 4041 900 4110; x_wconf 85' lang='lat' dir='ltr'><strong>iterumque</strong></span> <span class='ocrx_word' id='word_1_306' title='bbox 912 4039 1041 4114; x_wconf 81' lang='lat' dir='ltr'><strong>conjugia.</strong></span> <span class='ocrx_word' id='word_1_307' title='bbox 1050 4037 1116 4090; x_wconf 84' lang='lat' dir='ltr'><strong>Vide</strong></span> <span class='ocrx_word' id='word_1_308' title='bbox 1128 4037 1160 4089; x_wconf 83' lang='lat' dir='ltr'><strong>de</strong></span> 
     </span>
     <span class='ocr_line' id='line_1_37' title="bbox 92 4109 974 4190; baseline 0.008 -26"><span class='ocrx_word' id='word_1_309' title='bbox 92 4109 199 4181; x_wconf 71' lang='lat' dir='ltr'><strong>iectus,</strong></span> <span class='ocrx_word' id='word_1_310' title='bbox 213 4128 314 4190; x_wconf 86' lang='lat' dir='ltr'><strong>propter</strong></span> <span class='ocrx_word' id='word_1_311' title='bbox 328 4127 549 4188; x_wconf 63' lang='lat' dir='ltr'><strong>perpetuamque</strong></span> <span class='ocrx_word' id='word_1_312' title='bbox 560 4116 603 4169; x_wconf 80' lang='lat' dir='ltr'><strong>la-</strong></span> <span class='ocrx_word' id='word_1_313' title='bbox 652 4117 798 4170; x_wconf 83' lang='lat' dir='ltr'><strong>Prorident.</strong></span> <span class='ocrx_word' id='word_1_314' title='bbox 810 4117 840 4180; x_wconf 85' lang='lat'><strong>3,</strong></span> <span class='ocrx_word' id='word_1_315' title='bbox 855 4137 879 4188; x_wconf 86' lang='lat' dir='ltr'><strong>q.</strong></span> <span class='ocrx_word' id='word_1_316' title='bbox 972 4136 974 4144; x_wconf 86' lang='grc'><strong>’</strong></span> 
     </span>
     <span class='ocr_line' id='line_1_38' title="bbox 93 4187 1159 4260; baseline 0.003 -18"><span class='ocrx_word' id='word_1_317' title='bbox 93 4187 213 4260; x_wconf 68' lang='lat' dir='ltr'><strong>bonbar,</strong></span> <span class='ocrx_word' id='word_1_318' title='bbox 221 4193 437 4248; x_wconf 53' lang='lat' dir='ltr'><strong>bitinniam.</strong></span> <span class='ocrx_word' id='word_1_319' title='bbox 446 4195 551 4257; x_wconf 67' lang='lat' dir='ltr'><strong>RVH,</strong></span> <span class='ocrx_word' id='word_1_320' title='bbox 563 4196 602 4248; x_wconf 78' lang='lat'><strong>51.</strong></span> <span class='ocrx_word' id='word_1_321' title='bbox 685 4195 709 4247; x_wconf 85' lang='lat'><strong>8.</strong></span> <span class='ocrx_word' id='word_1_322' title='bbox 724 4195 854 4250; x_wconf 73' lang='lat' dir='ltr'><strong>Maxima</strong></span> <span class='ocrx_word' id='word_1_323' title='bbox 864 4197 959 4250; x_wconf 70' lang='lat' dir='ltr'><strong>tous...</strong></span> <span class='ocrx_word' id='word_1_324' title='bbox 971 4197 1090 4250; x_wconf 69' lang='lat' dir='ltr'><strong>esoendit.</strong></span> <span class='ocrx_word' id='word_1_325' title='bbox 1100 4195 1159 4249; x_wconf 89' lang='lat' dir='ltr'><strong>Te-</strong></span> 
     </span>
    </p>
   </div>
   <div class='ocr_carea' id='block_1_5' title="bbox 0 0 1480 4934">
    <p class='ocr_par' dir='ltr' id='par_1_5' title="bbox 0 0 1480 4934">
     <span class='ocr_line' id='line_1_39' title="bbox 0 0 1480 4934; baseline 0 2"><span class='ocrx_word' id='word_1_326' title='bbox 0 0 1480 4934; x_wconf 95' lang='lat' dir='ltr'><strong> </strong></span> 
     </span>
    </p>
   </div>
  </div>
 </body>
</html>
