2950 4934
288 442 353 509 310
555 465 559 485 ,
586 438 1065 526 n,nunm1senncm

286 574 488 642 Tiburtinus
499 574 587 642 calix
598 580 606 609 ¹
619 624 629 657 ,
645 598 690 643 an
699 598 819 643 manus
832 598 996 659 concava,
1011 575 1099 644 nihil
1110 576 1225 645 refert.
1238 578 1357 646 Finem

286 689 436 756 omnium
449 710 565 757 rerum
575 704 709 783 specta3
724 703 758 757 et
770 710 981 782 supervacua
996 687 1158 759 dimittes.
1172 692 1296 759 Fames
1306 714 1357 758 me

251 860 253 865 .
285 802 435 895 appellat
452 828 459 869 ι
480 802 524 871 ad
546 804 699 897 proxima
719 826 865 895 quaeque
887 804 1107 897 porrigatur²
1125 828 1266 889 manus;
1285 806 1357 896 ipsa

286 920 371 989 mibi
389 920 659 1004 commendabit,
682 917 921 1011 quodcumque
940 920 1242 1013 comprehendero.
1264 920 1359 987 Nihil

287 1038 473 1105 contemnit
494 1040 657 1106 esuriens.

336 1152 432 1245 Quid
456 1153 500 1223 sit
526 1146 658 1249 ergo³,
687 1154 780 1247 quod
803 1178 857 1223 me
881 1153 1121 1239 delectaverit,
1150 1156 1286 1245 quaeris.
1309 1192 1358 1211 «-

246 1284 261 1334 s
286 1266 432 1338 Videtur
445 1271 528 1338 mihi
543 1273 683 1365 egregie
695 1269 822 1339 dictum
836 1296 844 1336 ;
864 1270 1036 1365 «Sapiens
1050 1270 1246 1339 divitiarum
1260 1286 1360 1338 natu·

286 1388 407 1455 ralinm
421 1402 471 1456 est
481 1390 642 1480 quaesitor
654 1390 853 1456 acerrimus.
862 1389 1028 1455 ›r-Inani
1040 1412 1105 1471 mc,
1119 1389 1251 1480 inquis,
1265 1388 1359 1455 lance

287 1498 470 1569 muneras.l
486 1502 582 1594 Quid
601 1517 652 1570 est
668 1494 809 1569 istud⁴i¹
822 1504 893 1594 Ego
909 1502 980 1594 jam
998 1496 1217 1595 paraveram⁵
1236 1502 1357 1587 fiscos,

288 1618 624 1712 circumspiciebam,
643 1620 678 1687 in
695 1618 789 1713 quod
805 1642 859 1687 me
875 1639 967 1688 mare
980 1621 1216 1712 negotiaturus
1232 1620 1359 1688 immit-

288 1749 412 1821 terem,
426 1736 518 1827 quod
527 1736 702 1829 pubiicum
712 1738 893 1829 agitarem,
907 1758 991 1828 quas
1000 1758 1204 1805 arcesserem
1215 1758 1357 1803 merces.

287 1852 455 1945 Decipere
475 1866 526 1921 est
548 1851 659 1936 istud,
687 1852 810 1921 docere
826 1868 1082 1946 paupertatem,
1101 1877 1205 1945 quum
1224 1852 1361 1920 divitias
1473 1923 1474 1932 χ

288 1969 497 2061 promiseris.
515 1970 617 2037 -Ita
636 1984 672 2037 tu
688 1992 875 2063 pauperem
890 1968 1043 2062 judicas,
1065 1971 1120 2037 cui
1140 1968 1227 2036 nibil
1244 1968 1362 2036 deest?

287 2122 335 2137 -
349 2086 438 2167 Suo,
454 2086 585 2177 inquis,
603 2103 637 2153 ct
650 2088 822 2181 patientiae
838 2110 904 2154 suae
918 2086 1103 2169 beneficio,
1118 2110 1186 2153 non
1202 2086 1358 2153 fortunae.

287 2328 410 2395 Christii,
423 2329 560 2383 Rcmonici
571 2330 662 2401 (Disq.
676 2330 743 2384 Ptin.
753 2332 801 2383 To.
850 2349 902 2381 non
913 2341 1025 2383 constat:
1035 2327 1127 2383 Strabo
1136 2329 1170 2392 V,
1180 2326 1205 2391 3,
1220 2348 1264 2392 rr,
1277 2327 1364 2400 lapici-

288 2407 324 2469 II,
334 2428 357 2478 p.
369 2407 445 2472 213),
457 2407 593 2460 chlondii
604 2408 688 2474 (Hist.
699 2411 732 2461 de
743 2408 801 2461 Μ·
850 2406 922 2461 dinas
934 2420 1071 2472 memorat,
1081 2406 1126 2459 scd
1138 2405 1283 2471 marmoris,
1294 2425 1363 2457 nnnc

286 2487 344 2537 cad.
358 2486 405 2537 des
416 2486 509 2551 Iason,
521 2488 568 2539 To.
580 2486 693 2551 XLIII),
706 2484 801 2538 Bruck·
849 2485 986 2539 travectino
1002 2485 1118 2558 appellati
1128 2503 1135 2536 ι
1144 2483 1176 2534 de
1189 2496 1254 2535 terra
1266 2502 1287 2535 s.
1297 2496 1364 2535 creta

286 2563 376 2616 manni
387 2563 420 2616 al.
430 2564 564 2639 opiniopes
575 2564 702 2629 omittam,
713 2582 801 2616 omnes
850 2562 958 2636 figulina
971 2576 1042 2615 tacet.
1051 2561 1141 2614 fluat.

285 2644 338 2695 fare
352 2642 379 2693 in
392 2642 603 2709 cocomarium,
617 2640 750 2693 murrbam
760 2661 801 2712 ge·
883 2664 907 2695 a.
924 2644 1093 2712 porrigatur,
1108 2660 1135 2692 a.
1148 2658 1168 2691 c.
1179 2638 1298 2692 Atina.
1308 2639 1364 2691 I'al.

286 2739 333 2773 nus
343 2721 472 2791 quoddam
488 2721 574 2794 agathi
589 2741 609 2774 s·
621 2717 768 2793 pseudopali
782 2738 801 2772 s.
851 2742 883 2787 a,
905 2721 936 2782 3;
958 2722 1117 2773 extendatur
1135 2718 1174 2773 ed.
1196 2719 1231 2770 R·
1253 2731 1279 2769 ct
1294 2736 1366 2787 seqq.

286 2796 802 2868 qualuitb.Veltbemiiscatentia,stea-
850 2801 971 2851 tendatar
991 2799 1031 2850 ed.
1054 2799 1118 2870 bips.
1141 2809 1163 2848 et
1185 2814 1255 2866 seqq.
1279 2795 1368 2863 inritis

285 2875 336 2930 titoe
354 2876 429 2928 sinici
449 2876 619 2941 (rinesisclter
632 2872 800 2943 Sperlstet'n)
850 2877 938 2933 msstis.
954 2875 1034 2929 Scbw.

286 2954 426 3027 pretiosum
438 2953 521 3007 fnisse.
539 2952 638 3028 Duplex
647 2966 732 3005 umen
747 2974 802 3025 spc-
883 2954 907 3007 3.
921 2953 1110 3025 Quidst'tergo,
1119 2966 1165 3006 etc.
1176 2953 1217 3004 Dc
1227 2952 1365 3023 quoinitia

287 3034 336 3085 ries
346 3032 408 3097 luit,
419 3032 499 3085 altera
510 3030 641 3096 naturalis,
651 3048 707 3099 quta
715 3052 728 3087 e
736 3044 800 3084 terra
850 3033 921 3087 dixi:
932 3036 960 3085 t'rs
969 3052 1102 3086 commane
1116 3031 1189 3084 debat
1200 3032 1321 3105 proferri.
1330 3030 1366 3082 I..

286 3111 467 3171 effodiebntur‚
483 3109 560 3163 altera
579 3108 714 3162 artificiosa
731 3130 801 3162 rom·
882 3113 905 3177 4.
921 3110 1043 3179 Quidest
1054 3109 1149 3162 r'stad?
1159 3108 1237 3171 Sica,
1248 3127 1270 3160 c.
1281 3110 1319 3162 lt.
1329 3110 1367 3160 A.

285 3190 380 3259 posita,
392 3188 469 3241 instar
483 3187 570 3240 fluoris
584 3188 664 3241 vitrei.
675 3187 715 3240 CI.
725 3187 801 3240 lar-
847 3188 984 3259 Perperanr
1000 3186 1077 3257 Quid
1087 3197 1128 3240 est
1138 3189 1208 3240 r'llad
1215 3189 1312 3241 thane?
1323 3185 1372 3238 etl.

285 3270 350 3329 oder,
368 3265 485 3319 Histoire
495 3268 527 3318 de
540 3267 646 3319 I'Acad.
659 3269 704 3319 des
716 3266 797 3328 Iure..
847 3268 892 3318 Er.
911 3266 981 3318 Mur.
999 3278 1023 3318 et
1042 3266 1109 3335 bips.
1129 3266 1214 3329 Tum,
1231 3262 1311 3335 Quid
1326 3275 1370 3318 est
1410 3327 1418 3339 ἱ

286 3344 334 3401 Το.
350 3344 452 3407 XLIII,
473 3343 513 3395 cui
530 3344 663 3395 assentitur
678 3343 799 3397 Blumen-
848 3346 917 3397 tttud
928 3347 955 3395 ia
971 3344 1127 3396 commune?
1144 3343 1183 3393 ed.
1204 3342 1287 3395 Gran.
1305 3344 1367 3416 Ilip-

286 3419 351 3475 barb
371 3420 559 3489 (Natargesch.
572 3440 595 3492 p.
610 3424 659 3492 599
673 3421 730 3475 edd.
741 3424 797 3487 vl,
850 3422 965 3475 etnuhk.
979 3442 1008 3473 ex
1019 3420 1067 3473 levi
1079 3421 1183 3492 conject.
1194 3422 1281 3492 lipsii.
1292 3424 1366 3475 Istud

286 3502 369 3557 sedin
384 3501 423 3553 ed.
435 3502 484 3553 VII
494 3540 502 3567 ,
514 3502 575 3554 anni
591 3502 652 3554 1803
665 3502 760 3555 delevit
770 3502 800 3555 B.
850 3505 928 3553 iaaac
949 3510 1093 3572 corruptum
1114 3510 1167 3550 crat
1186 3519 1216 3550 ex
1239 3498 1366 3567 Iamne,

286 3584 363 3636 istum
376 3582 460 3633 locam
470 3616 479 3643 ,
491 3593 584 3632 mutata
600 3582 685 3635 forsan
700 3594 802 3632 senten·
851 3578 919 3650 quod
929 3578 1107 3649 subjiciebatur
1117 3576 1178 3630 alim
1191 3578 1245 3641 sic,
1256 3580 1370 3632 Iamne

286 3660 342 3726 tia).
356 3660 444 3728 Quum
453 3656 597 3731 crystallum
609 3670 661 3709 tum
670 3657 801 3709 murrbam
850 3678 896 3726 ego
904 3678 996 3725 parav.
1009 3656 1050 3711 vel
1062 3658 1130 3710 Jam
1145 3676 1177 3710 rte
1185 3676 1279 3725 parav.
1296 3678 1369 3726 ego:

287 3737 356 3791 mitit
375 3736 466 3789 Oriens
477 3757 484 3797 ς
502 3757 531 3787 cx
550 3736 638 3787 eadem
656 3748 719 3787 terra
741 3736 802 3787 cllo·
850 3756 957 3810 proquo
968 3755 1015 3788 nos
1027 3757 1055 3788 er
1065 3756 1114 3787 ms.
1124 3756 1151 3787 a.
1162 3734 1290 3803 dedicans,
1304 3736 1370 3806 Ego

289 3816 373 3869 dimus
383 3855 390 3879 ‚
401 3816 435 3867 ait
445 3856 451 3881 ,
463 3814 531 3867 Ptin.
547 3814 588 3883 37,
605 3835 636 3879 a,
651 3814 696 3883 qui
705 3826 802 3866 utrum·
845 3819 905 3883 jam
914 3833 1079 3884 paraveram.
1091 3812 1172 3867 Scbo.

288 3914 337 3965 que
353 3891 477 3946 describit.
497 3892 586 3946 Ruta.
596 3918 629 3932 -
643 3892 721 3944 Plura
741 3890 799 3943 vide
882 3892 1370 3962 5.Ego1'amparaveram,etc.lltvel

289 3972 317 4025 ln
330 3972 443 4024 Ercursu
454 3971 486 4024 ad
497 3970 540 4023 lib.
554 3972 602 4023 VII
614 3969 645 4023 dc
657 3972 745 4025 Benet.
754 3990 800 4022 nc·
849 3973 1016 4046 argentariam
1035 3971 1188 4035 exercendo,
1208 3971 1246 4023 rel
1260 3972 1369 4044 publica

287 4063 344 4103 strae
356 4050 395 4101 cd.
407 4048 456 4101 vol.
467 4050 491 4100 II
503 4087 511 4115 ,
524 4070 547 4123 p.
559 4049 616 4119 595.
850 4073 871 4104 e.
884 4071 906 4103 c.
918 4049 1048 4123 vectigalia
1062 4048 1228 4113 redimenda,
1244 4048 1283 4100 rel
1298 4070 1370 4101 mer·

324 4148 344 4179 ι.
360 4126 513 4179 Tiburtinus
519 4131 600 4181 calix.
611 4126 718 4183 Fictilis.
728 4124 799 4177 L·
849 4140 959 4182 caturam
969 4126 1085 4180 faciendo
1097 4127 1166 4180 dives
1178 4128 1273 4180 baram.
1284 4125 1368 4178 Conl.

287 4204 798 4273 Fictiliavasa'l'ibnret'actacsse,aliande
850 4206 927 4279 Epist.
942 4220 968 4259 ct
981 4204 1035 4258 inis
1050 4204 1139 4258 Μή.
