2950 4934
404 450 680 523 ·nrrsrons
703 451 830 519 cxx.
1091 457 1157 550 317

92 587 174 681 gisse
183 634 195 673 ,
212 584 246 653 e‘t
259 601 373 651 rerum
387 606 473 677 soepe
485 580 655 649 iacmrum
671 582 762 649 inter
774 604 810 649 ss
823 580 957 651 collatio
973 606 980 649 :
998 604 1061 678 per
1076 608 1158 681 orra-¹

91 706 208 793 logiam
220 700 327 769 nostri
339 698 548 767 intellectum
558 710 592 764 et
600 696 781 765 honestum
793 696 961 769 etbouum
974 702 983 733 ¹
986 697 1156 792 judicant.

93 821 161 887 Hoc
190 816 335 886 verbum
364 838 467 905 quum
495 812 593 880 latini
619 814 837 882 Grammatici
859 815 996 883 civitate
1011 812 1158 885 donave-
1184 848 1203 914 4

82 938 157 1003 rrint
166 940 199 1019 ¹·,
216 956 279 1025 ego
292 929 521 999 damnandum
536 952 607 997 non
620 944 703 1023 puto
715 980 724 1013 ‚
738 932 856 1001 necin
865 932 1034 1001 civitatem
1046 924 1159 1002 ³suam

93 1046 314 1143 redigendum
336 1073 344 1113 ι
365 1061 443 1113 utar
461 1068 545 1139 ergo
569 1044 654 1129 illo,
679 1068 749 1113 non
771 1061 901 1115 tantum
921 1062 1079 1140 tanquam
1103 1072 1161 1117 re-

92 1178 185 1256 cepto
196 1156 226 1247 ⁴,
245 1157 306 1229 sed
320 1173 480 1252 tanquam
500 1159 636 1227 usi-tato.
656 1157 744 1251 Quae
761 1160 806 1227 sit
822 1160 897 1229 haec
911 1164 1086 1253 anologio,
1100 1160 1161 1230 di-

91 1300 172 1346 cam.
184 1279 395 1347 Noveramus
405 1276 560 1370 corporis
570 1276 766 1362 sanitatem
782 1274 897 1345 exbac
906 1268 1157 1369 ⁵cogitavimus‚

92 1416 160 1461 esse
179 1393 331 1487 aliquam
345 1408 380 1461 et
391 1392 510 1461 animi.
526 1394 737 1459 Noveramus
752 1392 907 1485 corporis
917 1393 1027 1479 vires3
1048 1416 1089 1461 cx
1105 1392 1161 1461 his

92 1509 289 1603 collegimus
300 1503 334 1591 ⁶,
351 1532 424 1577 esse
437 1521 471 1576 et
486 1504 724 1576 animirobur.
742 1504 867 1597 Aliqua
886 1505 1037 1601 benigna.
1051 1507 1157 1591 iacta,

90 1627 202 1719 aliqua
217 1625 387 1708 humana,
408 1624 523 1717 aliqua
541 1622 660 1708 fortia,
682 1646 746 1691 nos
758 1622 1071 1716 obstupefecerant3
1089 1626 1162 1695 haec

91 1744 253 1835 coepimus
271 1756 431 1832 tanquam
447 1738 598 1833 perlecta
615 1740 747 1807 mirari.
760 1738 929 1808 Suberant
946 1741 1036 1809 illisl
1056 1742 1161 1811 multa
1187 1784 1203 1836 5

90 1858 186 1941 vitia,
205 1878 283 1948 quae
302 1856 433 1947 specics
449 1854 624 1949 conspicui
641 1846 787 1945 alicujus
807 1854 886 1922 facti
906 1853 1088 1950 fulgorque
1107 1882 1163 1925 ce·

91 1969 1158 2066 labu13haecdissimulavimus.Naturajubetaugsrelaudanda3

91 2112 186 2157 nemo
200 2112 271 2158 non
285 2085 432 2181 gloriam
443 2086 533 2156 ultra
542 2110 662 2155 verum
676 2086 756 2155 tulit
771 2113 778 2152 :
795 2108 837 2155 ex
849 2088 905 2157 his
919 2112 1001 2183 ergo
1015 2089 1161 2183 speciem

97 2204 245 2299 ingentis
265 2202 347 2272 boni
366 2204 541 2272 traximus.
561 2195 764 2287 Fabricius⁸
785 2206 911 2299 Pyrrhi
930 2209 1023 2301 regis
1040 2231 1161 2277 aurum

123 2445 143 2477 ι.
156 2423 212 2477 Per
227 2424 380 2493 orologium
393 2426 474 2477 nostri
484 2425 603 2477 intellec-
651 2436 738 2489 scunt,
751 2437 843 2478 temere
853 2426 964 2497 primum
974 2428 1066 2481 omissa
1075 2429 1162 2483 eratin

93 2514 144 2556 tom
156 2514 181 2557 et
192 2502 328 2557 lomsrnm
338 2516 364 2557 et
374 2506 470 2558 tonum
486 2506 605 2569 iudicant
652 2502 691 2554 ed.
705 2502 763 2575 maj.
776 2502 860 2557 Elsev.
877 2504 938 2575 1672
954 2520 980 2559 et
991 2500 1052 2560 dein
1062 2507 1089 2559 iu
1098 2502 1163 2561 eliis.

91 2584 132 2647 (id
153 2596 204 2649 est,
223 2584 310 2638 Nostri
331 2584 411 2639 Stoici
430 2583 559 2655 judicent,
580 2595 604 2636 et
652 2579 735 2634 Scdsr.
760 2625 763 2631 .

84 2660 223 2715 bouestum
244 2675 269 2715 et
285 2662 383 2715 bouum
401 2682 446 2735 per
458 2661 603 2734 analogiam
685 2663 708 2713 5.
722 2660 780 2724 Ex·
791 2662 843 2715 tac
858 2664 1034 2731 cogitavimus.
1051 2663 1094 2716 Sic
1107 2663 1163 2717 lib

95 2739 249 2794 intellectum
263 2739 294 2791 eb
305 2738 451 2793 bominibus
464 2741 533 2805 esse)
549 2760 555 2791 :
568 2738 603 2791 sic
651 2757 677 2790 o.
688 2737 723 2788 Ii.
734 2750 759 2789 et
767 2743 912 2807 cogitamus
921 2760 942 2793 c.
953 2744 989 2793 Α.
998 2761 1052 2793 non
1061 2744 1164 2812 collegi·

93 2816 165 2890 plene
187 2831 213 2870 et
231 2818 410 2891 percommode
426 2838 452 2871 a.
470 2838 490 2873 c.
505 2816 540 2870 ll.
556 2836 603 2868 uec
651 2836 727 2881 mres,
738 2816 863 2891 utrolgo.
875 2817 954 2872 Schw.

93 2896 162 2950 aliud
182 2919 196 2952 e
215 2898 268 2950 sois
280 2896 354 2951 codd.
369 2897 473 2971 protulit
490 2898 562 2949 Pine.
579 2909 604 2949 et
684 2894 708 2947 6.
718 2897 883 2963 Collegimus.
894 2898 970 2949 Recte
982 2896 1022 2949 ed.
1033 2896 1129 2950 Ererm.
1140 2911 1165 2951 et

95 2976 256 3029 consentiunt
271 2976 374 3029 Gruteri
386 2977 460 3030 codd.
477 2988 501 3030 et
514 2976 552 3029 ed.
566 2978 602 3027 A.
652 2992 721 3043 seqq.
737 2993 795 3025 eum
810 2973 865 3027 Pel.
880 2995 903 3040 ι,
917 2994 941 3025 n.
953 2976 1120 3049 Colligimrss‚
1136 2994 1163 3027 o.

93 3052 139 3106 uisi
154 3055 226 3124 qood
238 3054 265 3105 iu
284 3053 325 3105 his
337 3072 467 3127 perperam
485 3057 603 3106 intellec-
650 3070 671 3104 r.
682 3052 717 3105 Il.
727 3054 763 3104 A.
771 3050 854 3104 Sclsoe.

92 3140 132 3185 tus
151 3152 198 3205 pro
225 3136 380 3191 intellectum
402 3134 526 3187 scribitur.
547 3134 602 3186 Ee-
684 3148 707 3193 7.
726 3128 857 3182 Suberant
871 3130 933 3182 iltis.
955 3129 1021 3198 Quo
1042 3141 1163 3200 tanquem

91 3210 149 3265 dem
166 3210 272 3280 quidem
290 3211 433 3275 sententie,
449 3211 494 3263 sed
511 3222 600 3285 preter
649 3208 757 3279 perlecta
767 3207 856 3259 mirari
866 3223 1030 3280 coeperemoq
1043 3220 1090 3261 ete.
1102 3206 1139 3260 Il.

93 3289 213 3341 rationem
228 3288 330 3341 mutetis
348 3286 429 3341 verbis
442 3310 471 3342 ex
483 3286 601 3342 Pincieni
682 3284 705 3337 8·
720 3285 859 3338 Fabricius
870 3284 914 3338 rel.
925 3286 1019 3338 Narrat
1029 3286 1084 3339 lraee
1094 3306 1164 3357 quo-

91 3366 248 3438 ronjeetun‚
262 3366 290 3420 in
303 3366 363 3421 indo
378 3388 393 3422 ι
411 3368 479 3420 Mur.
491 3367 526 3421 rie
536 3368 602 3421 ede·
650 3380 699 3431 que
711 3361 799 3413 erdem
808 3364 861 3416 sere
869 3364 967 3416 ratione
977 3363 1127 3417 Plutarchus
1136 3366 1164 3417 in

92 3445 165 3497 betur
179 3463 244 3513 :per
253 3447 406 3513 artologiom
421 3454 509 3497 nostro
521 3448 602 3497 intel·
653 3440 746 3513 Pyrrhi
756 3440 816 3503 rita,
828 3461 850 3495 e.
861 3449 902 3507 no',
909 3460 948 3494 nr.
959 3440 1026 3494 Livii
1035 3440 1130 3495 mentio
1140 3457 1165 3495 et

93 3526 153 3575 lectu
174 3534 200 3576 et
218 3523 351 3575 lionestm
368 3531 393 3573 et
411 3521 505 3573 bonm
524 3522 603 3586 judi·
651 3517 763 3570 narratio
776 3518 867 3571 buum
886 3539 971 3571 rerum
990 3519 1082 3591 injuris
1096 3534 1163 3574 tem·

96 3613 174 3654 eante.
187 3599 269 3654 δώῃ.
610 3590 614 3601 ’
651 3594 718 3669 poris
732 3594 814 3669 periit.
830 3596 1093 3670 Redde-Eutropius
1111 3598 1163 3652 duo

126 3698 146 3727 2.
161 3679 271 3731 Cirilnte
281 3678 437 3729 donourmc
447 3675 505 3727 lam
513 3674 603 3728 Cicero
652 3672 695 3726 illa
708 3674 826 3748 preclare
839 3674 952 3728 Fabricii
971 3670 1056 3729 itemst
1068 3678 1163 3730 Histor.

93 3752 185 3824 aliique
207 3754 256 3807 bor
277 3752 371 3821 verbo,
393 3754 543 3823 Analogia,
564 3752 604 3805 usi
652 3754 728 3805 Rom.
741 3751 847 3805 breviar.
864 3752 909 3805 lib.
924 3753 965 3819 ll,
978 3772 1031 3826 cap.
1046 3773 1074 3805 rr
1088 3766 1112 3806 et
1127 3759 1164 3823 sl.

92 3846 156 3885 suut.
178 3832 217 3886 Gi.
237 3830 362 3903 Stephani
383 3832 503 3885 Thesaur.
522 3832 550 3883 l..
575 3830 603 3882 l.
653 3830 766 3883 ·Unum
781 3828 1094 3903 exlegstisllourauorum
1108 3832 1164 3886 Fa-

93 3910 181 3963 Rahk.
650 3908 759 3962 bricium
771 3909 808 3961 sie
828 3910 964 3962 admiratus
975 3909 1121 3983 (Pyrrhus),
1135 3930 1164 3965 ot

123 3988 147 4039 3.
155 3988 472 4041 Nertnce'oiratemmam.
482 3988 531 4039 l.e.
541 4004 602 4059 grst-
651 4004 730 4057 quum
751 4006 809 4039 eum
834 4004 967 4060 pauperem
992 4006 1044 4039 esse
1066 4008 1164 4061 coguo-

93 4083 146 4117 eam
157 4066 336 4136 redegeodum
348 4063 531 4137 repellendum.
541 4063 577 4115 R.
651 4062 741 4125 visset,
757 4075 844 4133 quarta
859 4075 926 4135 perte
941 4065 1013 4135 regni
1025 4067 1161 4132 promisse,

125 4146 140 4210 4
157 4142 220 4195 Non
234 4154 335 4197 taurum
354 4153 483 4212 tanquam
499 4152 602 4211 recepto.
651 4140 952 4204 sollicitarevoluerit‚ut
960 4143 990 4195 ad
998 4162 1024 4195 se
1031 4143 1162 4197 transiret:

93 4220 147 4273 Vos
155 4230 266 4285 tontum,
276 4240 352 4291 qoem
361 4220 420 4275 libri
429 4216 603 4293 omnesagno·
652 4232 859 4293 contemptusque
873 4220 1019 4273 a·Febricio
1032 4232 1102 4275 est...
1112 4222 1164 4274 ln-
