2950 4934
309 374 375 459 314
602 376 642 444 L.
669 375 847 445 ANNAEI
871 376 1084 449 SENECA-3

253 519 282 585 rt
308 503 493 575 Ambitiosa
510 522 644 573 nonest
664 506 787 594 fsmcs3
806 524 964 577 contenta
974 509 1132 579 desinere
1144 527 1195 578 est
1212 534 1303 602 :quo
1315 512 1379 579 de-

308 630 415 713 sinat,
441 653 510 699 non
534 631 635 698 nimis
653 648 761 701 curat.
782 631 933 701 Infelicis
959 633 1100 701 luxuriae
1124 634 1186 701 ista
1212 649 1378 701 tormenta
1405 631 1414 641 ”

308 758 414 811 eunt:
437 745 579 835 quaerit,
607 744 889 836 quemadmodum
918 763 992 838 post
1010 748 1218 815 saturitatem
1242 771 1379 839 quoque

309 860 453 947 esuriat3
466 860 752 953 quemadmodum
761 885 830 931 non
842 864 980 957 impleat
988 880 1156 943 ventrem,
1169 864 1230 933 sed
1239 864 1375 946 farciat,

308 976 592 1066 quemadmodum
608 978 718 1060 sitim,
748 980 857 1072 prima
874 979 1012 1071 potione
1031 979 1202 1061 sedatam,
1227 994 1375 1047 revocet.

307 1092 455 1187 Egregie
472 1093 586 1186 itaque
604 1093 765 1163 Horatius
789 1111 892 1189 negat
911 1096 956 1163 ad
979 1095 1069 1164 sitim
1094 1098 1288 1189 pertinere,
1310 1118 1379 1186 quo

254 1227 284 1282 15
310 1209 432 1303 poculo
450 1216 558 1301 aqua,
574 1228 632 1279 sut
650 1234 753 1303 quam
774 1212 923 1305 eleganti
939 1236 1041 1281 manu
1054 1214 1278 1281 ministretur.
1293 1214 1381 1279 Nam

310 1324 338 1390 si
352 1320 526 1417 pertinere
538 1325 582 1393 ad
595 1342 628 1395 te
643 1327 795 1418 judicas,
814 1350 916 1418 quam
927 1329 1070 1395 crinitus
1084 1332 1212 1420 puer¹,
1228 1343 1263 1393 et
1276 1348 1380 1418 quam

310 1439 523 1532 perlucidum
542 1442 602 1509 tibi
621 1442 781 1535 poculum
799 1446 953 1537 porrigat
963 1493 974 1527 ,
996 1467 1064 1512 non
1080 1444 1165 1511 sitis.
1182 1445 1278 1511 luter
1298 1442 1383 1510 reli-

312 1578 379 1647 qua
388 1605 399 1639 ,
414 1557 479 1624 hoc
493 1555 591 1626 nobis
606 1558 764 1650 praestitit
778 1575 899 1627 natura
915 1561 1141 1652 precipuum,
1157 1557 1251 1650 qnod
1261 1581 1382 1625 neces·

313 1672 401 1739 sitati
416 1671 587 1741 fastidium
597 1676 757 1742 excussit.
768 1676 953 1768 Recipiunt
963 1699 1172 1769 supervacua
1182 1675 1379 1742 'dilectum

311 1792 452 1857 -Hoc
476 1814 595 1883 parum
616 1789 760 1877 decens,
785 1791 870 1859 illud
888 1814 1007 1885 parum
1031 1786 1245 1873 laudatum³,
1267 1791 1383 1859 oculos

311 1907 377 1975 hoc
388 1930 479 1976 meos
488 1904 596 1976 laedit!
612 1906 703 1975 -ld
717 1922 830 1976 actum
842 1902 914 1976 est⁴
929 1908 1046 1975 abillo
1058 1906 1175 1976 mundi
1191 1906 1380 1988 conditore,

313 2028 373 2117 qui
389 2023 489 2093 nobis
507 2024 643 2094 vivendi
656 2024 736 2117 jura
755 2025 951 2120 descripsit,
974 2042 1012 2093 ut
1027 2025 1111 2093 salvi
1130 2048 1297 2107 essemus,
1315 2048 1384 2092 non

258 2154 288 2211 ιθ
315 2160 352 2212 ut
366 2143 516 2213 delicati.
530 2142 583 2211 Ad
596 2142 736 2211 salutem
751 2145 987 2236 omniaparata
998 2158 1089 2226 sunt,
1103 2158 1138 2209 et
1149 2144 1186 2209 in
1198 2157 1380 2236 promptu:

315 2260 449 2329 deliciis
467 2270 580 2329 omnia
598 2262 720 2329 misere
737 2262 779 2329 ac
795 2260 940 2328 sollicite
964 2275 1214 2353 comparantur.
1239 2261 1385 2327 Utamur

312 2400 395 2469 ergo
410 2376 477 2445 hoc
488 2393 616 2445 naturae
631 2377 821 2459 beneficio,
843 2377 933 2445 inter
945 2368 1085 2469 magna⁵
1101 2371 1335 2457 numerand03
1351 2387 1385 2439 et

311 2494 519 2585 cogitemus,
531 2493 625 2561 nullo
636 2495 774 2562 nomine
786 2492 908 2561 melius
921 2494 1013 2561 illam
1028 2494 1192 2561 meruisse
1207 2491 1250 2559 de
1265 2490 1383 2571 nobis,
1469 2485 1470 2490 ¹

311 2634 412 2701 quam
438 2612 536 2702 quia,
563 2607 734 2703 quidquid
760 2632 800 2677 ex
825 2610 1023 2677 necessitate
1049 2608 1285 2691 desideratur,
1310 2609 1385 2675 sine

311 2725 445 2797 fastidio
459 2728 614 2796 sumitur.
630 2713 726 2795 Vale.

346 2917 367 2949 a.
382 2896 498 2948 Crinitus
513 2914 586 2962 puer.
607 2890 660 2961 Qui
675 2911 690 2944 a
707 2892 820 2967 poculis,
872 2893 907 2947 R·
915 2894 950 2946 A.
959 2892 1091 2961 lidsmque
1099 2891 1166 2945 inira
1174 2892 1328 2953 latsdatutn,
1336 2909 1387 2943 non

310 2971 427 3025 muliebri
437 2970 583 3045 plerumque
592 2970 677 3023 habitu
687 2981 770 3035 eraut,
784 2989 823 3023 ca·
873 2975 884 3039 (
895 2984 924 3023 ut
945 2971 1043 3044 vulgo)
1054 2975 1168 3025 lautum.
1183 2968 1266 3023 Scin.
1277 2998 1313 3011 -
1325 2968 1387 3021 La·-

310 3049 402 3124 pillitio
421 3049 514 3101 {luente
528 3060 551 3101 et
566 3047 653 3118 longo.
667 3048 724 3101 lmo
739 3060 764 3099 et
779 3046 823 3100 alii
869 3068 969 3119 grange
986 3061 1051 3103 recte
1065 3048 1157 3102 vertit:
1174 3050 1218 3100 On
1237 3059 1337 3101 maret
1355 3050 1388 3100 de

310 3128 494 3203 Predagogiani
505 3130 573 3181 luere
582 3124 741 3199 pucrillnde
753 3126 823 3176 Mar·
872 3128 901 3177 lo
908 3126 1033 3179 metente
1041 3138 1067 3179 et
1075 3128 1111 3179 du
1120 3126 1199 3180 choix
1207 3146 1258 3196 qne
1268 3128 1339 3178 daos
1349 3128 1388 3178 les

310 3206 377 3261 tialis
391 3225 397 3259 :
411 3206 558 3271 actinitae,
583 3204 659 3267 Line,
681 3203 820 3277 Paedagoge
869 3202 1041 3274 supcsssite's.

311 3285 399 3341 turbar-
414 3308 427 3333 s
443 3286 531 3338 Rsslrl.
542 3312 574 3325 -
588 3286 709 3341 Horatius
727 3288 758 3339 de
777 3286 821 3339 tali
903 3280 927 3333 3.
934 3282 1077 3335 Ρωλαιιᾰ.
1087 3280 1133 3333 His
1144 3280 1226 3353 tangit
1235 3280 1330 3333 Noster
1338 3299 1387 3333 coe-

311 3362 450 3417 mollicello
469 3380 475 3416 t
497 3386 510 3411 a
523 3364 668 3417 Discrimen
688 3364 822 3417 obscuram
871 3358 1026 3432 nipetaruro,
1040 3370 1084 3411 ant
1094 3358 1205 3411 contium
1217 3358 1387 3412 convivarum

311 3438 711 3513 solutisCrinibus,arubiguoque
721 3440 821 3494 vultu.»
871 3434 947 3501 ritus,
961 3435 1062 3507 singula
1074 3436 1168 3488 fercula
1181 3436 1316 3508 regium,
1330 3456 1389 3508 qut

312 3524 431 3591 Quorum
445 3518 556 3571 minores
572 3532 640 3571 erant
658 3518 768 3583 divitie,
782 3532 824 3572 aut
871 3514 1040 3590 placuissent,
1056 3514 1239 3567 laudantium:
1273 3535 1314 3569 nae
1329 3528 1390 3567 sunt

311 3598 438 3663 luxuries,
452 3597 541 3651 eodem
555 3596 643 3650 habitu
655 3597 824 3650 vestiebantur
872 3593 948 3646 verba
957 3594 976 3646 l.
987 3593 1017 3645 F.
1026 3593 1150 3647 Gronovii
1159 3596 1187 3646 in
1195 3593 1272 3647 Obss.
1284 3595 1390 3659 lll,14,

311 3691 448 3749 tonsasque
465 3675 570 3749 capillos
584 3675 696 3727 ferebant
710 3716 717 3736 ,
738 3689 767 3728 nt
778 3676 823 3727 vi·
871 3694 896 3743 p.
909 3672 958 3738 4²3
970 3672 1010 3726 sd.
1021 3672 1089 3744 Lips.
1101 3692 1178 3740 quem
1191 3673 1287 3727 videas.
1296 3672 1389 3724 Ruta.

313 3756 372 3809 dere
389 3768 425 3807 est
441 3775 454 3808 e
471 3754 590 3809 Juvenali
609 3753 660 3807 Sat.
681 3753 734 3817 xl,
752 3756 799 3823 149
817 3773 825 3808 :
907 3753 930 3817 4.
940 3752 978 3805 ld
985 3761 1073 3805 actum
1083 3763 1147 3805 est...
1157 3753 1328 3805 delicatilnt.
1340 3749 1389 3802 hoe

313 3858 326 3881 s
340 3834 411 3887 Idem
424 3833 524 3887 habitus
537 3833 646 3897 cunctis;
663 3832 728 3884 tonsi
745 3831 825 3885 recti·
873 3828 955 3883 voluit
965 3830 1035 3882 Deus
1047 3849 1093 3883 nos
1104 3830 1186 3883 salvos
1198 3850 1264 3895 esse,
1280 3849 1333 3881 non
1345 3828 1390 3880 de·

313 3934 362 3983 qne
372 3912 457 3987 capilli
470 3916 552 3982 Atque
564 3910 640 3965 lsodie
652 3922 750 3963 tanturn
764 3928 824 3981 pro·
874 3908 969 3961 lisatos.

313 4008 367 4067 pter
380 3988 600 4063 consumpsti.»
907 3982 1388 4060 5.1nsermagm.suppte:tlliusbs-
1469 4041 1470 4046 ,

347 4091 369 4125 a.
383 4069 530 4135 Dilectum,
545 4089 597 4122 nou
612 4071 750 4125 delectum.
763 4086 789 4117 a.
802 4086 824 4117 c.
875 4062 975 4118 aeficia.
1469 4079 1470 4096 ¹

707 4210 992 4243 -aw-
