2950 4934
331 445 400 531 640
704 434 860 515 JUSTI
882 444 1041 515 LIPSll

328 598 396 645 itata
415 586 507 667 prima
530 585 683 663 animalia,
704 586 857 649 cor-ficibus
880 584 1051 669 quibusdam
1075 587 1181 669 spineis
1203 584 1403 649 circumsistat

328 693 421 772 iisque
436 692 546 772 ruptis,
563 713 653 774 quum
666 704 811 753 mamrum
825 704 917 765 eret,
932 690 1083 775 prodiisses
1099 718 1113 745 n
1131 691 1196 752 Hoc
1209 693 1338 753 colorem
1354 692 1406 751 ali-

328 805 415 876 quem
429 797 520 878 magis
533 796 654 870 babeat3
679 810 708 858 et
731 820 797 859 cum
818 800 961 859 sententia
974 796 1113 872 assideat,
1128 818 1191 879 qun
1204 820 1242 858 ex
1256 798 1405 861 arboribus
1466 790 1467 865 i

327 900 457 961 homines
471 902 568 962 educit
579 924 648 963 mox
660 903 793 965 dicenda.
806 904 904 965 Tertio
915 902 1109 985 Empedoclis,
1121 905 1169 985 qni
1182 926 1199 963 e
1210 906 1318 975 Terra3
1335 904 1402 977 scd,

328 1020 361 1067 ut
371 1009 544 1068 Censorinus
555 1011 613 1083 ait,
627 1011 827 1084 membratim,
841 1031 895 1070 nec
907 1011 1001 1069 statim
1012 1022 1096 1069 totos.
1108 1010 1246 1071 Vurrunis
1256 1009 1404 1093 fragmen-

327 1128 390 1174 tum
404 1114 460 1175 buc
475 1114 566 1175 facite
585 1144 599 1169 α
614 1116 804 1198 Empedocles
819 1138 835 1175 e
851 1128 927 1177 terre
941 1114 1072 1175 homiues
1092 1128 1174 1176 natos
1195 1115 1281 1191 iacit,
1296 1130 1330 1175 ut
1345 1117 1405 1175 bli-

327 1232 400 1280 turn.
417 1247 431 1274 a
453 1219 581 1303 (Nonius
603 1223 633 1281 iu
656 1220 793 1304 blitum).
810 1220 899 1281 Addit
915 1220 1106 1294 Censorinus,
1133 1248 1147 1275 α
1160 1242 1225 1281 earn
1239 1224 1405 1303 opinionem

310 1404 315 1413 Ι
328 1328 415 1387 etium
425 1328 455 1385 in
466 1326 647 1401 Parmenide,
662 1327 711 1387 vel
724 1329 755 1387 in
771 1326 820 1387 Ste
831 1325 949 1387 finisse.»
966 1327 1138 1408 corruptum
1150 1326 1243 1407 liquet
1256 1352 1265 1387 ι
1279 1350 1314 1387 au
1327 1328 1403 1387 faci-

327 1454 402 1507 mus,
416 1432 479 1492 «vel
490 1435 520 1492 in
530 1434 681 1494 Zenones?
691 1434 777 1493 Certe
787 1432 865 1493 beno
875 1430 990 1493 Eleates
1000 1435 1111 1493 censuit
1119 1432 1264 1515 (Laertius
1273 1434 1402 1515 suetorJ:

332 1567 346 1593 α
360 1553 455 1600 ortum
471 1538 617 1599 bominem
635 1562 652 1599 e
664 1540 755 1599 Terra
770 1560 842 1599 esse.
858 1565 872 1591 a
889 1538 987 1597 Posset
1002 1540 1087 1599 etiam
1102 1539 1160 1621 legi
1176 1563 1185 1599 ι
1203 1568 1218 1593 ι
1233 1540 1403 1601 Parmenion

326 1657 356 1704 et
365 1644 477 1705 Vciiate
491 1645 617 1705 Zenorm
632 1670 646 1697 υ
658 1645 766 1721 Quarta
777 1644 919 1703 sententia
928 1626 1084 1705 iiemocriti
1095 1688 1103 1719 ,
1116 1666 1153 1705 ex
1163 1645 1248 1727 Aqua
1259 1658 1289 1705 et
1299 1645 1383 1705 bimo
1393 1670 1401 1705 ι

327 1762 390 1832 qun
415 1749 502 1810 refert
523 1750 601 1810 iilum
625 1748 850 1823 Anaximandri,
867 1750 918 1809 sed
934 1772 950 1808 a
965 1749 1068 1809 fronte.
1088 1748 1251 1810 Lactantius
1266 1773 1357 1832 super
1373 1774 1403 1809 ea

326 1856 397 1939 (lib.
409 1856 486 1931 vlt,
500 1878 564 1938 cap.
581 1854 612 1938 7)
624 1879 633 1913 z
649 1882 663 1910 ι
675 1856 855 1916 Democritus
866 1858 905 1915 ait
916 1856 1056 1929 homines,
1067 1856 1290 1917 vermiculorum
1300 1858 1402 1929 modo,

326 1966 430 2024 effusos
440 1964 477 2025 de
488 1977 583 2037 terra,
597 1963 677 2023 nullo
687 1976 820 2037 auctore,
835 1962 972 2044 nulleque
987 1965 1106 2023 ratione.
1121 1990 1135 2016 a
1147 1964 1253 2039 Quinta
1266 1964 1402 2045 Epicuri,

326 2072 377 2151 qui
391 2092 428 2131 ex
441 2070 523 2131 bimo
537 2072 624 2143 item,
639 2072 700 2129 sive
713 2070 813 2129 Terra.
832 2068 980 2131 Lucretius
995 2068 1067 2151 (lib.
1086 2068 1162 2153 11)=

490 2204 579 2266 fland,
591 2211 621 2255 ut
631 2207 728 2273 opinor,
742 2204 809 2255 cuim
820 2202 932 2255 mortalia
943 2204 1013 2255 secla
1023 2220 1125 2272 superne

489 2296 569 2344 Aurea
579 2292 611 2343 de
622 2294 682 2344 celo
691 2293 790 2343 demisit
798 2292 863 2343 suuis
872 2293 898 2343 iu
910 2310 976 2343 arva.

488 2384 539 2434 Sed
550 2386 635 2451 genuit
646 2385 719 2434 tellus
729 2382 816 2434 eadem
827 2420 835 2445 ,
848 2400 903 2452 qua
916 2400 981 2433 nnnc
994 2383 1038 2433 alit
1046 2400 1078 2433 ex
1088 2401 1123 2435 se.

324 2510 381 2570 sed
396 2508 560 2592 quomodo?
582 2531 619 2568 ex
637 2506 730 2569 Ureu
744 2508 916 2589 quibusdum
930 2518 1011 2567 terre
1028 2509 1137 2581 affixis,
1156 2511 1196 2569 ait
1214 2508 1401 2569 Censorinus.

324 2617 409 2692 Quod
424 2618 464 2677 ita
479 2618 564 2677 ctiam
580 2614 728 2675 Lucretius
742 2612 814 2696 (lib.
830 2612 879 2696 V)
892 2638 901 2673 a

487 2754 633 2806 &norbani
642 2753 705 2803 uteri
715 2758 782 2802 utra
793 2750 915 2802 radicibus
927 2750 977 2821 apti
991 2770 997 2799 ι

488 2844 556 2909 Quos
563 2840 605 2895 ubi
618 2848 727 2914 ternpore
737 2850 834 2895 maturo
845 2842 991 2912 patefecerat
1001 2846 1057 2893 ιω

491 2936 631 2997 infantum,
643 2951 731 3003 sugens
739 2934 870 2985 humorem
881 2948 998 3001 aurasque
1009 2934 1124 3001 petissent
1133 2970 1140 2993 ,

494 3027 656 3078 (bnrertebat
666 3026 701 3075 ibi
713 3028 804 3075 Nauna
816 3024 935 3075 foramina
946 3031 1029 3087 terre,

488 3121 521 3168 Et
531 3134 633 3168 succum
645 3116 713 3166 renis
722 3115 826 3184 cogebat
837 3114 938 3166 sundere
949 3115 1038 3183 opertis

386 3267 389 3271 A
488 3209 649 3261 Consimilem
659 3208 740 3258 iactis.

325 3337 437 3397 Putavit
451 3335 500 3394 ille
515 3348 544 3394 et
557 3334 661 3394 Uteros
674 3345 704 3393 et
713 3331 775 3393 Ova
785 3343 852 3391 ante
866 3332 1025 3391 animantes
1041 3330 1128 3391 inisse
1141 3357 1149 3391 ι
1163 3348 1195 3395 ut
1210 3349 1286 3397 esset
1296 3338 1412 3399 scilicet

316 3464 342 3540 ¹e
357 3464 415 3523 quo
433 3452 599 3523 surgerent,
615 3441 688 3498 etin
702 3460 761 3519 quo
775 3450 935 3499 crescerent
951 3462 962 3496 s
983 3438 1021 3498 ad
1041 3440 1207 3521 exemplum
1223 3441 1336 3503 ioeturz
1355 3444 1415 3505 bo-

326 3549 442 3609 dium.
459 3548 484 3605 N
487 3568 533 3605 aru
549 3558 578 3605 ct
592 3545 629 3605 de
643 3544 753 3604 Avibus
767 3545 845 3604 canit
856 3568 864 3603 ι

490 3676 544 3725 Ora
553 3673 739 3741 relinquebant,
751 3673 853 3723 exclmn
865 3680 975 3742 tempore
984 3690 1059 3725 veruo
1071 3710 1079 3737 ,

489 3766 620 3818 rotberto·
631 3772 660 3816 ut
669 3782 736 3816 nunc
747 3772 834 3815 teretes
846 3770 926 3816 estate
938 3765 1037 3817 cinth.

856 3850 863 3875 ,
1133 3851 1136 3857 .

329 3901 374 3963 Ad
389 3923 475 3983 quam
497 3898 661 3980 opinionem
682 3895 845 3957 Lactantius
865 3895 1017 3979 respexit(
1023 3896 1069 3970 Π,
1093 3918 1158 3979 cap.
1176 3899 1233 3982 re)
1253 3924 1263 3959 ι
1287 3928 1303 3955 ιι
1317 3902 1418 3964 Aiunt

328 4007 413 4066 certis
425 4004 672 4076 conversionibus,
685 4015 714 4061 et
727 4014 866 4062 astrorum
881 4003 1023 4077 motibus,
1040 4006 1234 4094 maturitatem
1249 4010 1417 4087 qnamdam
1466 3996 1467 4079 i

330 4112 471 4171 exstitisse
492 4110 679 4169 animantium
700 4108 907 4181 serendorum
928 4110 1026 4190 itaque
1045 4121 1150 4171 terrum
1165 4133 1286 4187 novam,
1305 4136 1419 4179 semen
1466 4110 1467 4115 ¹

330 4218 453 4300 genitale
471 4219 658 4289 retinentem,
677 4215 817 4277 folliculos
833 4216 971 4297 quosdam
988 4238 1023 4277 ex
1041 4238 1092 4293 se,
1108 4220 1138 4279 iu
1156 4232 1307 4282 uterorum
1324 4225 1421 4285 simi·
