2950 4934
294 463 355 548 164
596 461 637 526 r.
663 453 835 522 arunt
858 453 1072 524 sennen

286 616 368 662 sane
385 589 531 660 varietas
553 607 777 664 marmorum,
801 598 837 650 et
859 585 1059 653 concisuru¹
1078 601 1244 678 aquarum
1261 583 1365 658 cubi.

285 710 371 780 culis
380 704 668 788 interfluentium,
683 715 718 770 et
728 700 889 794 pauperis
900 699 1023 784 eelln',
1040 717 1075 770 et
1084 702 1254 797 quidquid
1262 705 1362 774 uliud

253 919 254 924 ἵ
283 833 436 917 luxuria,
451 853 522 898 non
536 839 693 898 contenta
706 823 830 891 decore
844 822 1010 916 simplici,
1027 825 1166 894 miscet:
1181 825 1274 918 quod
1288 824 1359 895 dici

283 951 391 1032 solet,
414 946 532 1016 domus
553 960 645 1010 rectu
662 933 751 1009 θεῖ’.
772 938 892 1031 Adjice
909 964 1020 1023 nunc,
1042 942 1134 1034 quod
1152 942 1196 1012 de
1214 968 1363 1039 compo-

283 1067 404 1138 sitione
426 1087 495 1132 non
518 1052 685 1130 constat‘.
707 1054 859 1147 Quidam
877 1055 969 1124 illam
986 1058 1106 1126 volunt
1124 1082 1197 1128 esse
1215 1082 1256 1130 ex
1272 1062 1359 1129 hor-

282 1180 358 1251 rido
371 1195 557 1272 comptam,
569 1172 707 1269 quidam
716 1153 827 1262 usque
837 1193 878 1239 eo
888 1193 1007 1264 aspera
1020 1172 1182 1267 gaudent,
1191 1193 1230 1244 ut
1238 1177 1355 1259 etiam,

281 1313 357 1392 quae
378 1293 513 1366 mollius
533 1313 630 1360 casus
653 1286 838 1380 explicuit,
860 1309 901 1354 ex
925 1287 1092 1358 industria
1115 1288 1299 1384 dissipent,
1322 1305 1358 1362 et
1446 1387 1452 1392 .

203 1445 214 1454 ·
280 1413 449 1484 clausulas
475 1409 704 1498 abrumpant,
731 1425 777 1469 ne
797 1398 842 1468 ad
859 1418 1086 1494 exspectatum
1113 1406 1353 1500 respondeant.

240 1547 257 1601 6
280 1535 373 1625 Lege
393 1529 593 1598 Ciceronem
614 1517 838 1610 :compositio
859 1517 932 1608 ejus
948 1543 1017 1586 una
1038 1537 1110 1606 est,
1134 1521 1256 1614 pedem
1275 1548 1359 1591 cnr-

278 1639 358 1716 vet⁵
383 1645 495 1723 lenta,
519 1656 554 1707 et
571 1640 645 1706 sine
670 1634 810 1702 infamia
829 1633 952 1701 mollis.
974 1634 1019 1703 At
1035 1653 1173 1722 contra,
1192 1638 1358 1707 Pollionis

278 1753 410 1833 Αεὶιιὶἰ6
426 1758 612 1841 salebrosa,
631 1769 666 1823 et
680 1751 841 1832 exiliens,
858 1765 892 1817 et
898 1795 910 1834 ,
927 1751 986 1819 ubi
1000 1755 1139 1823 minime
1158 1774 1353 1850 exspectes,

278 1879 453 1947 relictura.
481 1875 660 1964 Denique,
686 1868 801 1936 omnin
826 1867 918 1960 apud
939 1870 1139 1940 Ciceronem
1165 1870 1354 1956 desinunt,

278 1991 371 2085 apud
396 1990 584 2060 Pollionem
611 1982 756 2066 eadunt,
783 1983 934 2074 exceptis
956 1989 1190 2078 paucissimis,
1214 2013 1291 2082 quas
1309 1989 1357 2057 ad

279 2123 410 2177 certum
429 2102 588 2184 modum,
611 2097 709 2167 etad
733 2119 840 2214 unum
857 2099 1047 2191 exemplar,
1076 2101 1236 2174 adstricto
1259 2121 1352 2173 sunt.

281 2372 334 2407 non
358 2347 510 2403 intellexisse
535 2343 635 2398 ridetur
655 2341 793 2412 lagrnnge
842 2339 1048 2397 Demettteslbo'c
1061 2346 1357 2420 quedeliquandocon-

282 2431 326 2503 qui
338 2427 412 2482 vertit
429 2445 435 2482 ι
449 2419 524 2479 Vnus
539 2437 571 2476 ne
582 2435 709 2476 tronome
722 2422 794 2472 nulle
843 2419 983 2490 cupierunt,
994 2443 1091 2497 semper
1098 2425 1212 2479 timent.»
1222 2427 1297 2479 Cous.
1307 2427 1356 2500 Ep.

280 2511 376 2579 partle
387 2505 505 2558 molndre
516 2504 583 2555 vide.
595 2502 626 2553 ln
638 2519 668 2552 eo
684 2495 792 2551 difficnl·
843 2511 928 2561 xvirt,
940 2499 971 2565 4,
983 2514 1035 2554 not.

281 2601 318 2640 tes
327 2599 372 2651 est,
383 2582 453 2656 quod
465 2600 518 2634 non
529 2591 683 2652 appar-estex
693 2574 795 2630 duobus
876 2574 1011 2632 svamm
1022 2590 1152 2648 recteest,
1163 2582 1179 2637 i.
1189 2582 1244 2635 sine
1250 2582 1315 2636 vitio
1325 2605 1356 2637 ae

280 2663 411 2720 sententiae
422 2657 541 2714 membris
550 2655 704 2709 anthitlresin
718 2651 792 2714 lieri,
844 2656 946 2709 mendo.
959 2659 1002 2712 sic
1015 2673 1083 2713 reete
1093 2680 1181 2726 scena,
1197 2675 1263 2715 reete
1278 2663 1356 2715 vive-

282 2742 354 2797 nulle
364 2759 454 2812 nempe
468 2733 579 2809 apposita
591 2731 733 2808 particula,
746 2746 795 2799 qut
843 2755 884 2802 rs,
898 2749 963 2789 recte
976 2738 1121 2801 convivari,
1135 2740 1240 2792 rectiora
1252 2742 1356 2794 servitia

282 2821 408 2897 oppositio
419 2818 592 2872 membrorum
602 2811 727 2866 indicetur
737 2810 794 2862 :sed
843 2815 911 2887 opud
923 2817 1028 2869 sueton,
1039 2819 1092 2870 sul,
1103 2821 1134 2887 47
1145 2819 1188 2871 ubi
1200 2820 1258 2872 vid,
1268 2820 1355 2874 ΕΜ,

282 2899 359 2955 nobis
371 2897 430 2952 setis
443 2892 541 2949 ostendi
555 2889 678 2965 oppositio
695 2887 796 2939 videtur
843 2893 1000 2968 oudendorp
1012 2909 1036 2947 et
1047 2897 1155 2948 Ernesti,
1167 2897 1258 2950 flung,

283 3001 313 3034 ex
329 2978 385 3054 ipso
400 2987 471 3030 motu
487 2983 510 3026 el
524 2968 707 3026 constructione
719 2964 794 3018 totins
877 2972 901 3036 4,
920 2972 962 3024 De
979 2979 1161 3042 compositione
1179 2995 1230 3027 m„
1244 2988 1356 3030 mm,

282 3058 424 3112 Μιωῑῐῃ,
843 3050 865 3100 l.
879 3049 922 3101 elii
935 3047 1011 3102 aliern
1023 3052 1222 3124 praelectionem
1233 3053 1356 3121 judicent.

319 3137 495 3189 scammum.
507 3129 608 3183 Divisio
618 3141 739 3197 equarum
750 3142 795 3194 per
877 3131 900 3181 5.
912 3129 1011 3184 Pedem
1021 3142 1112 3184 curent
1122 3135 1201 3185 lento.
1214 3134 1315 3186 Dedere
1328 3153 1357 3186 a.

284 3214 396 3268 minutos
422 3211 522 3265 canales
552 3209 579 3260 in
610 3202 794 3260 coenationibus
844 3207 900 3260 Pal.
916 3227 938 3271 r,
956 3210 1356 3283 4.etms.1.ipe.llbequigressu

284 3289 422 3366 presertim
435 3288 534 3341 [estivis.
545 3286 584 3338 Cl.
595 3287 627 3337 de
639 3285 734 3354 tranq.
752 3297 795 3332 tn·
845 3285 919 3338 ducta
935 3285 1036 3339 locutio.
1053 3289 1118 3338 Ante
1136 3300 1235 3352 crrrvnt,
1249 3289 1358 3342 verbum

287 3389 297 3424 t
309 3408 317 3436 ,
334 3371 356 3422 5.
369 3365 473 3421 Provid.
484 3363 516 3428 3,
530 3383 559 3436 9,
571 3376 623 3416 not.
635 3363 725 3415 Ruit.
844 3374 930 3418 serent
939 3363 1078 3416 infulciunt
1086 3383 1108 3416 e.
1117 3366 1152 3416 A.
1166 3367 1199 3418 lt.
1211 3367 1282 3419 unde
1292 3368 1358 3419 vnl-

319 3467 342 3501 n.
352 3441 481 3514 Pauperis
489 3446 562 3498 cella.
571 3441 641 3494 Bene
651 3439 724 3492 habet
734 3456 741 3490 z
750 3459 797 3490 ne-
845 3461 878 3512 go
887 3442 981 3511 pedem
994 3453 1093 3506 serrat,
1108 3453 1213 3508 sumta,
1228 3447 1316 3510 lenta,
1327 3465 1358 3498 ex

285 3538 334 3598 que
343 3524 415 3579 eliud
428 3535 479 3589 est,
492 3541 567 3592 qrtern
578 3518 670 3572 divites
679 3519 739 3570 istos
750 3517 797 3568 lra-
844 3520 944 3572 Erasmi
955 3518 1007 3593 ing.
1018 3519 1101 3572 Schw.

278 3605 368 3658 buisse
379 3603 522 3656 distinctam
531 3599 605 3651 etiam
616 3589 795 3662 castrationem,
877 3595 901 3648 li.
909 3597 1036 3649 Pollione
1048 3597 1146 3650 Asinii.
1159 3597 1229 3651 ldem
1242 3600 1357 3670 iudicant

285 3694 329 3740 aut
341 3678 486 3734 cubiculum
499 3717 506 3744 ,
521 3676 591 3746 quod
601 3677 724 3744 parsperis
743 3675 798 3727 cel·
845 3675 877 3726 de
890 3692 919 3726 eo
930 3675 1019 3742 Quint.
1030 3674 1069 3737 X,
1085 3693 1108 3739 t,
1124 3677 1171 3728 rtd
1182 3677 1284 3749 aliique·
1297 3679 1359 3733 (2ae-

285 3765 342 3815 lum
351 3757 463 3812 dicerent
476 3755 536 3811 :ubi
547 3753 618 3807 certis
628 3753 715 3806 diebus
726 3753 797 3805 velut
844 3765 923 3804 terum
937 3752 1081 3806 notissimus
1094 3773 1146 3807 esse
1157 3755 1231 3808 debet
1242 3755 1284 3809 laic
1295 3759 1357 3810 emi·

285 3836 386 3890 tenue'm
402 3848 424 3888 et
442 3845 576 3906 pauperem
592 3833 687 3884 vietum
706 3831 796 3882 imita·
844 3851 887 3883 cus
897 3831 1014 3903 Virgilii,
1026 3833 1140 3898 lloratii,
1153 3835 1274 3906 Augusti,
1285 3837 1357 3908 cuins

281 3917 381 3966 ‘tenure
394 3911 438 3964 Sic
451 3910 555 3963 Consul.
564 3909 596 3962 ed
608 3909 700 3973 Helu,
713 3929 734 3960 e.
749 3925 795 3961 12:
844 3909 936 3984 scripte
944 3911 1036 3964 diversi
1047 3913 1147 3983 generis
1155 3894 1355 3987 on‘ntaperisre,

287 4017 301 4040 ιι
309 3991 420 4045 Sttmunt
431 3989 588 4061 (locupletes)
598 3987 722 4059 quosdam
731 3987 797 4054 dies,
846 4011 876 4044 ex
884 3990 972 4043 llorat.
980 3991 1103 4057 Carmen,
1115 3993 1138 4044 ll
1147 4033 1154 4057 ,
1164 4013 1186 4044 r.
1196 3992 1291 4066 virgil.
1301 3994 1357 4047 Est.

285 4085 365 4140 quum
383 4067 433 4139 jam
454 4066 513 4119 illos
529 4065 676 4118 divitiarum
693 4066 798 4120 tedium
845 4068 884 4119 lv
894 4081 918 4120 et
927 4070 998 4122 Vlll.
1009 4069 1074 4122 Vide
1085 4071 1213 4144 Heynium
1225 4071 1257 4124 ad
1267 4071 1356 4144 Eclog.

285 4145 359 4218 sepit,
368 4143 459 4214 quibus
467 4141 539 4196 burni
550 4155 659 4208 eoenent,
670 4155 694 4196 et
701 4154 798 4196 remoto
847 4145 902 4211 lll,
915 4147 964 4212 84,
977 4160 1033 4215 post
1045 4149 1189 4202 blanutiurn
1199 4149 1232 4203 ed
1243 4147 1298 4204 Cic.
1309 4149 1356 4222 Ep.

285 4237 348 4274 turo
360 4233 531 4296 argentoque,
552 4219 671 4272 fictilibus
689 4232 797 4274 utantur.
847 4224 907 4275 lent.
919 4223 955 4289 X,
969 4223 1010 4275 δι.
1022 4224 1112 4278 Rulli.
