2950 4934
305 442 373 538 ⁴72
598 435 817 514 sonuere
839 442 908 512 ET
932 443 1093 513 raum

305 569 488 654 Apostolus,
503 571 586 650 qood
601 571 736 654 epistolis
750 573 811 634 suis
828 591 939 636 nomen
955 593 1043 634 suum
1059 569 1155 633 soleat
1168 569 1376 647 subscribere,

307 690 337 740 et
351 677 411 740 bue
425 675 540 739 scilicet
552 677 701 761 allegatur
714 677 804 756 illud,
824 677 964 740 onmibus
980 698 1046 739 esse
1057 675 1257 756 placendum,
1278 689 1308 737 et
1323 679 1379 737 do-

305 785 408 862 mino,
421 803 532 868 nempe
543 782 655 848 cesari
665 830 673 863 ,
685 787 850 868 gerendum
862 805 992 847 morem.
1003 782 1115 846 Paulus
1127 783 1268 865 cuiquam
1280 782 1378 866 place-

307 904 354 952 ret
364 891 557 952 dissimulato
571 888 765 976 Evangelio,
782 913 874 974 quum
888 891 984 952 multo
1002 903 1071 952 ante
1087 888 1236 952 Romanis
1250 885 1381 950 misisset

306 996 437 1058 liberam
453 1005 490 1058 a'c
505 996 656 1079 prolixam
673 997 855 1080 epistolam?
873 999 935 1058 hut
956 995 1015 1058 hoc
1034 997 1136 1059 docuit
1148 992 1261 1057 Paulos
1275 993 1379 1057 celan-

306 1103 377 1162 dum
393 1099 678 1183 Christianismum,
689 1115 722 1164 ut
731 1104 854 1187 placeas
865 1103 958 1186 impio
970 1103 1113 1165 domiuo?
1127 1098 1250 1172 Deinde
1264 1099 1380 1164 Seneca

308 1209 425 1269 nuntiat
446 1206 564 1285 Panlo,
589 1210 670 1290 quod
698 1207 803 1273 Caesar
824 1209 1008 1270 immanibus
1034 1207 1189 1292 suppliciis
1218 1208 1337 1269 murat
1350 1208 1380 1266 in

306 1309 511 1389 Christianos,
523 1314 608 1395 quasi
620 1315 680 1377 hoc
690 1313 798 1376 Rome
812 1315 951 1397 cuiquam
963 1327 1041 1377 esset
1054 1316 1199 1398 ignotum.
1209 1315 1257 1376 hd
1267 1313 1343 1388 baec,
1355 1314 1380 1375 si

308 1417 380 1500 quid
398 1418 593 1496 metuebant,
619 1421 710 1481 tutius
731 1432 873 1504 poterant
894 1441 948 1483 ore
971 1421 1102 1502 colloqui
1126 1440 1217 1502 quam
1236 1419 1379 1503 epistolis.

305 1520 373 1585 Nec
386 1519 497 1584 Paulus
508 1545 614 1587 amore
626 1525 774 1609 evangelii
784 1539 923 1609 gravatus
936 1525 1040 1588 suisset
1053 1570 1062 1602 ,
1079 1525 1127 1587 vel
1139 1526 1170 1585 in
1182 1523 1380 1586 Sallustianos

306 1628 413 1690 hortos
427 1629 551 1706 venire,
567 1631 592 1693 si
606 1629 723 1695 Seneca
741 1634 895 1696 metuebat
910 1634 1014 1696 venire
1031 1631 1176 1694 Romam.
1190 1629 1315 1714 Quanta
1329 1653 1382 1693 cu-

308 1737 380 1820 pia,
398 1751 509 1820 quanto
524 1739 635 1802 allecto
650 1739 762 1802 Paulus
776 1741 881 1803 scribit
896 1743 947 1802 uni
957 1740 1130 1803 Philemoni
1144 1743 1182 1802 de
1200 1761 1234 1802 re
1250 1739 1380 1822 vulgari,

313 1857 344 1906 et
357 1843 478 1908 Senecae
493 1859 556 1908 tam
572 1846 686 1909 celebri
701 1847 767 1908 viru
786 1847 909 1920 scribit,
926 1861 988 1908 tam
1002 1849 1117 1930 jejune,
1133 1861 1197 1908 tam
1217 1846 1326 1930 frigide
1347 1849 1382 1907 de

311 1953 521 2035 amplectendo
529 1951 768 2028 Christum,hoc
778 1969 840 2032 est,
854 1957 890 2016 de
900 1957 934 2018 de
943 1956 1080 2018 omnium
1091 1951 1382 2034 maxima?Quando

309 2064 382 2122 vero
393 2062 436 2123 sic
449 2061 624 2143 loqueretur
633 2059 746 2133 Paulus
759 2085 768 2123 a
783 2075 841 2124 «et
851 2063 875 2124 si
883 2084 944 2123 sors
958 2081 1104 2145 prospere
1114 2059 1273 2122 annuerit?
1287 2086 1303 2113 a
1312 2057 1383 2120 Non

308 2186 398 2228 ausus
411 2181 457 2229 est
469 2169 628 2230 nominare
637 2167 762 2247 lleum,
776 2191 867 2251 quem
878 2165 994 2230 Seneca
1006 2187 1140 2251 paganus
1150 2166 1240 2228 toties
1249 2165 1384 2228 nominat
1462 2185 1463 2234 t

309 2272 340 2334 iu
354 2273 472 2357 scriptis
484 2275 568 2339 suis?
582 2274 662 2338 Illud
677 2277 823 2362 insignitae
835 2277 989 2360 cujusdam
1003 2275 1132 2337 stultitiae
1145 2287 1211 2350 est,
1227 2275 1311 2354 quod
1326 2270 1383 2332 Se-

307 2399 383 2442 neca
403 2380 495 2444 mittit
513 2379 610 2444 Paulo
631 2382 745 2450 librum
764 2387 801 2446 de
822 2383 909 2466 copia
930 2381 1121 2458 verborum,
1150 2401 1210 2462 quo
1237 2393 1309 2462 post
1329 2379 1384 2442 bac

309 2476 418 2546 melius
432 2486 544 2547 scribat
558 2486 709 2550 Romane.
723 2489 817 2571 Atqui
832 2489 857 2550 si
871 2487 984 2558 Paulus
998 2488 1152 2549 nesciebat
1168 2486 1280 2560 latine,
1296 2498 1384 2568 pute-
1462 2471 1463 2514 t

309 2603 354 2652 rat
373 2613 468 2674 graece
491 2593 643 2670 scribere,
659 2617 752 2675 quum
774 2617 867 2680 graece
892 2607 994 2656 nosset
1016 2591 1142 2656 Seneca.
1160 2590 1223 2674 Qui
1246 2589 1386 2653 convenit

309 2712 429 2778 autem,
449 2713 481 2760 ut
497 2722 589 2782 quum
605 2699 722 2765 Seneca
736 2705 846 2764 doceat
858 2699 1032 2794 philosophi
1049 2700 1211 2762 dictionem
1233 2697 1388 2770 sententiis
1462 2677 1463 2762 l

309 2825 435 2886 gravem
444 2807 560 2888 potius,
571 2827 663 2886 quam
676 2805 777 2870 verbis
788 2820 927 2876 ornatam
939 2827 1003 2868 esse
1015 2805 1127 2867 debere
1137 2850 1146 2884 ,
1157 2825 1235 2865 nunc
1246 2803 1278 2863 in
1289 2801 1384 2864 Paulo

310 2912 445 2991 requirat
457 2909 590 2998 Romani
603 2913 753 2972 sermonis
765 2913 900 2995 copiam?
915 2911 995 2974 lllud
1009 2911 1145 2974 omnium
1158 2909 1386 2993 impudentissi-

309 3037 412 3092 mum,
429 3018 510 3098 quod
523 3038 615 3099 quum
631 3017 721 3080 saciat
735 3015 884 3080 Senecam
896 3018 926 3077 in
941 3016 1079 3100 apostolo
1095 3015 1319 3078 desiderantem
1333 3034 1385 3077 co·

309 3122 393 3206 piam
415 3135 445 3183 et
460 3122 574 3184 cultum
594 3125 765 3202 sermonis,
783 3137 883 3188 tamen
902 3123 932 3184 in
947 3123 993 3184 his
1008 3121 1143 3206 epistolis
1165 3119 1261 3182 nihilo
1278 3121 1384 3183 cultius

310 3229 414 3290 scribit
425 3225 541 3292 Seneca
557 3251 651 3310 quam
660 3228 773 3292 Paulus
785 3255 793 3303 ;
810 3233 863 3294 scd
878 3251 933 3313 par
945 3242 990 3292 est
1006 3229 1159 3310 utriusque
1172 3227 1343 3304 balbuties,
1356 3241 1385 3288 et

312 3352 453 3395 sensuum
460 3334 553 3418 frigus
561 3349 648 3416 atque
658 3337 780 3420 ineptia.
789 3333 906 3398 Saltem
913 3335 1013 3416 aliqua
1023 3347 1152 3418 exparte
1162 3331 1290 3396 Seneca
1297 3334 1384 3417 phra·

310 3441 368 3501 sim
377 3441 519 3535 'aemulari
536 3441 701 3519 debuerat,
728 3441 841 3526 aliquid
862 3463 898 3504 ex
914 3439 1050 3504 Paulinis
1065 3439 1199 3525 epistolis
1216 3439 1382 3523 effingere,

310 3549 360 3611 vel
374 3537 562 3612 vehementia
578 3564 609 3612 et
622 3549 805 3612 sublimitate
817 3545 966 3612 dictionis.
982 3545 1124 3612 Scurrilis
1137 3547 1325 3636 impudentia
1342 3557 1385 3606 est

312 3657 354 3719 sic
362 3657 463 3719 lacere
472 3658 647 3739 loquentem
658 3655 808 3719 Senecam
821 3679 829 3714 s
841 3655 1031 3737 blasphemia
1042 3668 1087 3716 est
1096 3654 1139 3716 sic
1150 3652 1252 3716 lacere
1261 3653 1386 3736 loquen

310 3774 372 3822 tem
380 3760 528 3825 Paulum.
540 3763 613 3827 Non
625 3764 744 3841 dubito,
758 3763 829 3845 quin
840 3764 889 3826 vel
901 3763 995 3824 mulio
1007 3808 1017 3838 ,
1032 3760 1078 3822 vel
1090 3779 1181 3844 agaso
1194 3757 1322 3822 Senecas
1333 3761 1387 3821 mi·

311 3890 367 3957 nus
381 3869 481 3955 inepte
496 3871 585 3933 suerit
596 3853 770 3956 scriptursls.
784 3868 879 3932 Paulo
898 3890 969 3930 vero
984 3867 1055 3950 quid
1071 3879 1116 3928 est
1130 3867 1231 3928 minus
1247 3868 1385 3950 jejunum

311 3991 363 4040 aut
379 3979 637 4042 somniculosum?
657 3975 700 4040 Et
714 3993 815 4040 tamen
835 3979 867 4040 in
885 3977 940 4040 has
965 3976 1107 4060 epistolas
1122 3987 1238 4036 exstant
1264 3975 1385 4036 verbosi

312 4086 533 4147 commentarii.
542 4085 624 4165 Quid
631 4085 804 4168 hisjudieiis
813 4084 936 4146 caecius?
948 4081 1020 4146 llaec
1031 4103 1092 4144 non
1102 4069 1318 4170 idmonerem,
1330 4082 1385 4144 uisi

309 4190 418 4253 talibus
427 4189 601 4274 imposturis
612 4191 739 4252 nimium
751 4205 780 4250 et
790 4189 820 4251 in
831 4191 897 4251 aliis
907 4189 1039 4250 tribuant
1048 4189 1200 4250 interdum
1208 4185 1384 4252 Christiani.
