<?xml version="1.0" encoding="UTF-8"?>
<!DOCTYPE html PUBLIC "-//W3C//DTD XHTML 1.0 Transitional//EN"
    "http://www.w3.org/TR/xhtml1/DTD/xhtml1-transitional.dtd">
<html xmlns="http://www.w3.org/1999/xhtml" xml:lang="en" lang="en">
 <head>
  <title>
</title>
<meta http-equiv="Content-Type" content="text/html;charset=utf-8" />
  <meta name='ocr-system' content='tesseract 3.04.00' />
  <meta name='ocr-capabilities' content='ocr_page ocr_carea ocr_par ocr_line ocrx_word'/>
</head>
<body>
  <div class='ocr_page' id='page_1' title='image "./lannsenecparspr04bouigoog_0525.png"; bbox 0 0 2950 4934; ppageno 0'>
   <div class='ocr_carea' id='block_1_1' title="bbox 255 515 1152 627">
    <p class='ocr_par' dir='ltr' id='par_1_1' title="bbox 255 515 1152 627">
     <span class='ocr_line' id='line_1_1' title="bbox 255 515 1152 627; baseline 0 -39"><span class='ocrx_word' id='word_1_1' title='bbox 255 519 502 627; x_wconf 73' lang='lat' dir='ltr'>rursmn</span> <span class='ocrx_word' id='word_1_2' title='bbox 529 517 786 588; x_wconf 78' lang='lat' dir='ltr'>ssorcon.</span> <span class='ocrx_word' id='word_1_3' title='bbox 814 515 912 586; x_wconf 81' lang='lat' dir='ltr'>mn.</span> <span class='ocrx_word' id='word_1_4' title='bbox 938 516 968 584; x_wconf 89' lang='lat'>1.</span> <span class='ocrx_word' id='word_1_5' title='bbox 1085 519 1152 616; x_wconf 81' lang='lat'>⁵¹7</span> 
     </span>
    </p>
   </div>
   <div class='ocr_carea' id='block_1_2' title="bbox 76 661 1218 3806">
    <p class='ocr_par' dir='ltr' id='par_1_2' title="bbox 76 661 1218 3806">
     <span class='ocr_line' id='line_1_2' title="bbox 77 661 1155 747; baseline -0.002 -21"><span class='ocrx_word' id='word_1_6' title='bbox 77 666 218 739; x_wconf 75' lang='lat' dir='ltr'>faciente,</span> <span class='ocrx_word' id='word_1_7' title='bbox 234 663 376 738; x_wconf 75' lang='lat' dir='ltr'>dhomo,</span> <span class='ocrx_word' id='word_1_8' title='bbox 394 663 471 725; x_wconf 82' lang='lat' dir='ltr'>feeit.</span> <span class='ocrx_word' id='word_1_9' title='bbox 492 663 527 723; x_wconf 91' lang='lat' dir='ltr'>In</span> <span class='ocrx_word' id='word_1_10' title='bbox 541 665 633 744; x_wconf 83' lang='lat' dir='ltr'>primo</span> <span class='ocrx_word' id='word_1_11' title='bbox 656 665 767 747; x_wconf 81' lang='lat' dir='ltr'>origine</span> <span class='ocrx_word' id='word_1_12' title='bbox 789 661 849 722; x_wconf 77' lang='lat' dir='ltr'>hnc</span> <span class='ocrx_word' id='word_1_13' title='bbox 873 662 969 722; x_wconf 88' lang='lat' dir='ltr'>omnia</span> <span class='ocrx_word' id='word_1_14' title='bbox 994 662 1056 722; x_wconf 86' lang='lat' dir='ltr'>sine</span> <span class='ocrx_word' id='word_1_15' title='bbox 1079 684 1155 724; x_wconf 82' lang='lat' dir='ltr'>noxa</span> 
     </span>
     <span class='ocr_line' id='line_1_3' title="bbox 76 768 1153 844; baseline -0.005 -9"><span class='ocrx_word' id='word_1_16' title='bbox 76 787 158 835; x_wconf 82' lang='lat' dir='ltr'>erant</span> <span class='ocrx_word' id='word_1_17' title='bbox 171 772 252 832; x_wconf 81' lang='lat' dir='ltr'>nobie</span> <span class='ocrx_word' id='word_1_18' title='bbox 264 772 387 832; x_wconf 79' lang='lat' dir='ltr'>obnoxia</span> <span class='ocrx_word' id='word_1_19' title='bbox 400 792 410 828; x_wconf 69' lang='grc' dir='ltr'><strong><em>ε</em></strong></span> <span class='ocrx_word' id='word_1_20' title='bbox 425 773 456 830; x_wconf 84' lang='grc' dir='ltr'>ἰιι</span> <span class='ocrx_word' id='word_1_21' title='bbox 470 768 565 830; x_wconf 87' lang='lat' dir='ltr'>Deum</span> <span class='ocrx_word' id='word_1_22' title='bbox 578 770 745 844; x_wconf 72' lang='lat' dir='ltr'>surrexisti,</span> <span class='ocrx_word' id='word_1_23' title='bbox 764 791 945 830; x_wconf 87' lang='lat' dir='ltr'>communem</span> <span class='ocrx_word' id='word_1_24' title='bbox 958 769 1153 830; x_wconf 82' lang='lat' dir='ltr'>conditorem:</span> 
     </span>
     <span class='ocr_line' id='line_1_4' title="bbox 76 875 1158 959; baseline 0.003 -23"><span class='ocrx_word' id='word_1_25' title='bbox 76 900 144 959; x_wconf 78' lang='lat' dir='ltr'>ergo</span> <span class='ocrx_word' id='word_1_26' title='bbox 157 877 206 936; x_wconf 83' lang='lat' dir='ltr'>illa</span> <span class='ocrx_word' id='word_1_27' title='bbox 218 877 303 936; x_wconf 89' lang='lat' dir='ltr'>etiam</span> <span class='ocrx_word' id='word_1_28' title='bbox 321 878 351 936; x_wconf 90' lang='lat' dir='ltr'>in</span> <span class='ocrx_word' id='word_1_29' title='bbox 366 889 410 950; x_wconf 90' lang='lat' dir='ltr'>te,</span> <span class='ocrx_word' id='word_1_30' title='bbox 428 889 462 935; x_wconf 88' lang='lat' dir='ltr'>ut</span> <span class='ocrx_word' id='word_1_31' title='bbox 477 875 672 949; x_wconf 79' lang='lat' dir='ltr'>vindicatura,</span> <span class='ocrx_word' id='word_1_32' title='bbox 690 887 718 936; x_wconf 88' lang='lat' dir='ltr'>et</span> <span class='ocrx_word' id='word_1_33' title='bbox 732 900 748 935; x_wconf 86' lang='lat' dir='ltr'>n</span> <span class='ocrx_word' id='word_1_34' title='bbox 763 876 856 957; x_wconf 87' lang='lat' dir='ltr'>primu</span> <span class='ocrx_word' id='word_1_35' title='bbox 873 897 925 935; x_wconf 85' lang='lat' dir='ltr'>sua</span> <span class='ocrx_word' id='word_1_36' title='bbox 938 889 1039 936; x_wconf 79' lang='lat' dir='ltr'>notura</span> <span class='ocrx_word' id='word_1_37' title='bbox 1053 875 1158 940; x_wconf 86' lang='lat' dir='ltr'>demu-</span> 
     </span>
     <span class='ocr_line' id='line_1_5' title="bbox 77 979 1159 1064; baseline -0.001 -21"><span class='ocrx_word' id='word_1_38' title='bbox 77 996 181 1043; x_wconf 86' lang='lat' dir='ltr'>tarunt.</span> <span class='ocrx_word' id='word_1_39' title='bbox 199 982 256 1042; x_wconf 90' lang='lat' dir='ltr'>Sed</span> <span class='ocrx_word' id='word_1_40' title='bbox 273 1005 325 1064; x_wconf 84' lang='lat' dir='ltr'>pru</span> <span class='ocrx_word' id='word_1_41' title='bbox 340 982 484 1043; x_wconf 89' lang='lat' dir='ltr'>communi</span> <span class='ocrx_word' id='word_1_42' title='bbox 502 982 589 1041; x_wconf 89' lang='lat' dir='ltr'>etiam</span> <span class='ocrx_word' id='word_1_43' title='bbox 604 979 786 1063; x_wconf 77' lang='lat' dir='ltr'>Philosophia</span> <span class='ocrx_word' id='word_1_44' title='bbox 806 980 860 1041; x_wconf 91' lang='lat' dir='ltr'>hoe</span> <span class='ocrx_word' id='word_1_45' title='bbox 880 981 948 1041; x_wconf 87' lang='lat' dir='ltr'>licet</span> <span class='ocrx_word' id='word_1_46' title='bbox 964 981 1062 1043; x_wconf 80' lang='lat' dir='ltr'>dicere</span> <span class='ocrx_word' id='word_1_47' title='bbox 1080 1007 1088 1041; x_wconf 73' lang='grc' dir='ltr'><strong>ε</strong></span> <span class='ocrx_word' id='word_1_48' title='bbox 1105 985 1159 1042; x_wconf 82' lang='lat' dir='ltr'>ista</span> 
     </span>
     <span class='ocr_line' id='line_1_6' title="bbox 78 1087 1158 1170; baseline -0.002 -20"><span class='ocrx_word' id='word_1_49' title='bbox 78 1103 134 1150; x_wconf 86' lang='lat' dir='ltr'>tam</span> <span class='ocrx_word' id='word_1_50' title='bbox 159 1089 290 1162; x_wconf 82' lang='lat' dir='ltr'>diversa,</span> <span class='ocrx_word' id='word_1_51' title='bbox 309 1102 367 1149; x_wconf 88' lang='lat' dir='ltr'>tam</span> <span class='ocrx_word' id='word_1_52' title='bbox 382 1089 477 1161; x_wconf 82' lang='lat' dir='ltr'>varia,</span> <span class='ocrx_word' id='word_1_53' title='bbox 492 1087 588 1149; x_wconf 87' lang='lat' dir='ltr'>lacere</span> <span class='ocrx_word' id='word_1_54' title='bbox 611 1099 640 1149; x_wconf 89' lang='lat' dir='ltr'>et</span> <span class='ocrx_word' id='word_1_55' title='bbox 662 1089 770 1170; x_wconf 87' lang='lat' dir='ltr'>requiri</span> <span class='ocrx_word' id='word_1_56' title='bbox 796 1087 979 1148; x_wconf 84' lang='lat' dir='ltr'>adornatum</span> <span class='ocrx_word' id='word_1_57' title='bbox 1000 1087 1158 1170; x_wconf 86' lang='lat' dir='ltr'>perfeetio-</span> 
     </span>
     <span class='ocr_line' id='line_1_7' title="bbox 79 1193 1159 1278; baseline -0.001 -22"><span class='ocrx_word' id='word_1_58' title='bbox 79 1218 202 1278; x_wconf 82' lang='lat' dir='ltr'>nemque</span> <span class='ocrx_word' id='word_1_59' title='bbox 210 1196 305 1278; x_wconf 72' lang='lat' dir='ltr'>mngni</span> <span class='ocrx_word' id='word_1_60' title='bbox 318 1195 432 1255; x_wconf 84' lang='lat' dir='ltr'>Mundi.</span> <span class='ocrx_word' id='word_1_61' title='bbox 446 1195 571 1255; x_wconf 79' lang='lat' dir='ltr'>Mundi?</span> <span class='ocrx_word' id='word_1_62' title='bbox 585 1196 671 1255; x_wconf 88' lang='lat' dir='ltr'>etiam</span> <span class='ocrx_word' id='word_1_63' title='bbox 688 1195 725 1255; x_wconf 83' lang='lat' dir='ltr'>ad</span> <span class='ocrx_word' id='word_1_64' title='bbox 736 1193 791 1254; x_wconf 89' lang='lat' dir='ltr'>Dei</span> <span class='ocrx_word' id='word_1_65' title='bbox 802 1194 958 1275; x_wconf 88' lang='lat' dir='ltr'>potentiam</span> <span class='ocrx_word' id='word_1_66' title='bbox 969 1197 1159 1277; x_wconf 87' lang='lat' dir='ltr'>sapientiam-</span> 
     </span>
     <span class='ocr_line' id='line_1_8' title="bbox 78 1300 1159 1384; baseline -0.001 -22"><span class='ocrx_word' id='word_1_67' title='bbox 78 1325 135 1384; x_wconf 84' lang='lat' dir='ltr'>que</span> <span class='ocrx_word' id='word_1_68' title='bbox 156 1303 368 1363; x_wconf 81' lang='lat' dir='ltr'>notificandam.</span> <span class='ocrx_word' id='word_1_69' title='bbox 386 1300 469 1361; x_wconf 86' lang='lat' dir='ltr'>Potes</span> <span class='ocrx_word' id='word_1_70' title='bbox 487 1314 519 1360; x_wconf 92' lang='lat' dir='ltr'>tu</span> <span class='ocrx_word' id='word_1_71' title='bbox 531 1301 594 1361; x_wconf 82' lang='lat' dir='ltr'>illas</span> <span class='ocrx_word' id='word_1_72' title='bbox 607 1324 776 1362; x_wconf 90' lang='lat' dir='ltr'>araneorum</span> <span class='ocrx_word' id='word_1_73' title='bbox 787 1301 905 1360; x_wconf 74' lang='lat' dir='ltr'>subtiles</span> <span class='ocrx_word' id='word_1_74' title='bbox 916 1313 944 1360; x_wconf 91' lang='lat' dir='ltr'>et</span> <span class='ocrx_word' id='word_1_75' title='bbox 954 1301 1076 1362; x_wconf 79' lang='lat' dir='ltr'>intextos</span> <span class='ocrx_word' id='word_1_76' title='bbox 1089 1303 1159 1362; x_wconf 86' lang='lat' dir='ltr'>telos</span> 
     </span>
     <span class='ocr_line' id='line_1_9' title="bbox 80 1407 1161 1489; baseline 0.001 -22"><span class='ocrx_word' id='word_1_77' title='bbox 80 1410 205 1483; x_wconf 88' lang='lat' dir='ltr'>intueri,</span> <span class='ocrx_word' id='word_1_78' title='bbox 222 1409 285 1469; x_wconf 84' lang='lat' dir='ltr'>aine</span> <span class='ocrx_word' id='word_1_79' title='bbox 303 1407 491 1467; x_wconf 72' lang='lat' dir='ltr'>admiratione</span> <span class='ocrx_word' id='word_1_80' title='bbox 508 1407 686 1467; x_wconf 78' lang='lat' dir='ltr'>conditoris?</span> <span class='ocrx_word' id='word_1_81' title='bbox 703 1419 787 1489; x_wconf 88' lang='lat' dir='ltr'>potes</span> <span class='ocrx_word' id='word_1_82' title='bbox 806 1408 912 1488; x_wconf 83' lang='lat' dir='ltr'>viperae</span> <span class='ocrx_word' id='word_1_83' title='bbox 929 1407 1057 1482; x_wconf 84' lang='lat' dir='ltr'>colores,</span> <span class='ocrx_word' id='word_1_84' title='bbox 1073 1410 1161 1468; x_wconf 85' lang='lat' dir='ltr'>volu-</span> 
     </span>
     <span class='ocr_line' id='line_1_10' title="bbox 81 1513 1160 1595; baseline 0.001 -22"><span class='ocrx_word' id='word_1_85' title='bbox 81 1515 175 1588; x_wconf 90' lang='lat' dir='ltr'>mina,</span> <span class='ocrx_word' id='word_1_86' title='bbox 192 1513 338 1575; x_wconf 80' lang='lat' dir='ltr'>indolem?</span> <span class='ocrx_word' id='word_1_87' title='bbox 353 1514 494 1595; x_wconf 80' lang='lat' dir='ltr'>potes-vel</span> <span class='ocrx_word' id='word_1_88' title='bbox 512 1515 661 1573; x_wconf 84' lang='lat' dir='ltr'>molestum</span> <span class='ocrx_word' id='word_1_89' title='bbox 680 1515 761 1574; x_wconf 89' lang='lat' dir='ltr'>illum</span> <span class='ocrx_word' id='word_1_90' title='bbox 776 1527 804 1573; x_wconf 87' lang='lat' dir='ltr'>et</span> <span class='ocrx_word' id='word_1_91' title='bbox 822 1535 1005 1574; x_wconf 81' lang='lat' dir='ltr'>susurronem</span> <span class='ocrx_word' id='word_1_92' title='bbox 1018 1515 1160 1591; x_wconf 87' lang='lat' dir='ltr'>culicem,</span> 
     </span>
     <span class='ocr_line' id='line_1_11' title="bbox 81 1619 1161 1703; baseline 0.004 -24"><span class='ocrx_word' id='word_1_93' title='bbox 81 1622 142 1680; x_wconf 84' lang='lat' dir='ltr'>sine</span> <span class='ocrx_word' id='word_1_94' title='bbox 155 1623 221 1702; x_wconf 88' lang='lat' dir='ltr'>ipso</span> <span class='ocrx_word' id='word_1_95' title='bbox 244 1621 298 1679; x_wconf 89' lang='lat' dir='ltr'>hoc</span> <span class='ocrx_word' id='word_1_96' title='bbox 310 1621 500 1703; x_wconf 71' lang='lat' dir='ltr'>‘cogitationis</span> <span class='ocrx_word' id='word_1_97' title='bbox 521 1619 638 1680; x_wconf 80' lang='lat' dir='ltr'>fluctu?</span> <span class='ocrx_word' id='word_1_98' title='bbox 656 1622 694 1679; x_wconf 81' lang='lat' dir='ltr'>At</span> <span class='ocrx_word' id='word_1_99' title='bbox 710 1622 806 1695; x_wconf 88' lang='lat' dir='ltr'>enim,</span> <span class='ocrx_word' id='word_1_100' title='bbox 830 1623 941 1696; x_wconf 80' lang='lat' dir='ltr'>aiebat,</span> <span class='ocrx_word' id='word_1_101' title='bbox 966 1623 1053 1682; x_wconf 86' lang='lat' dir='ltr'>nostri</span> <span class='ocrx_word' id='word_1_102' title='bbox 1076 1646 1161 1683; x_wconf 80' lang='lat' dir='ltr'>enuso</span> 
     </span>
     <span class='ocr_line' id='line_1_12' title="bbox 83 1726 1163 1800; baseline 0.003 -14"><span class='ocrx_word' id='word_1_103' title='bbox 83 1729 158 1786; x_wconf 85' lang='lat' dir='ltr'>Deus</span> <span class='ocrx_word' id='word_1_104' title='bbox 182 1729 243 1786; x_wconf 79' lang='lat' dir='ltr'>haec</span> <span class='ocrx_word' id='word_1_105' title='bbox 260 1726 329 1786; x_wconf 80' lang='lat' dir='ltr'>lecit</span> <span class='ocrx_word' id='word_1_106' title='bbox 351 1750 360 1785; x_wconf 77' lang='lat' dir='ltr'>r</span> <span class='ocrx_word' id='word_1_107' title='bbox 378 1739 475 1786; x_wconf 77' lang='lat' dir='ltr'>contre</span> <span class='ocrx_word' id='word_1_108' title='bbox 490 1749 567 1786; x_wconf 80' lang='lat' dir='ltr'>nunc</span> <span class='ocrx_word' id='word_1_109' title='bbox 592 1738 656 1800; x_wconf 86' lang='lat' dir='ltr'>est,</span> <span class='ocrx_word' id='word_1_110' title='bbox 679 1739 708 1786; x_wconf 92' lang='lat' dir='ltr'>et</span> <span class='ocrx_word' id='word_1_111' title='bbox 723 1738 838 1787; x_wconf 86' lang='lat' dir='ltr'>nocent.</span> <span class='ocrx_word' id='word_1_112' title='bbox 856 1727 976 1788; x_wconf 75' lang='lat' dir='ltr'>Nostri?</span> <span class='ocrx_word' id='word_1_113' title='bbox 994 1729 1163 1790; x_wconf 73' lang='lat' dir='ltr'>secundario</span> 
     </span>
     <span class='ocr_line' id='line_1_13' title="bbox 83 1832 1218 1914; baseline 0.003 -20"><span class='ocrx_word' id='word_1_114' title='bbox 83 1835 221 1914; x_wconf 88' lang='lat' dir='ltr'>quidem,</span> <span class='ocrx_word' id='word_1_115' title='bbox 246 1833 452 1913; x_wconf 79' lang='lat' dir='ltr'>sedprimum,</span> <span class='ocrx_word' id='word_1_116' title='bbox 471 1853 533 1892; x_wconf 82' lang='lat' dir='ltr'>sua.</span> <span class='ocrx_word' id='word_1_117' title='bbox 545 1832 651 1891; x_wconf 82' lang='lat' dir='ltr'>Gloriae</span> <span class='ocrx_word' id='word_1_118' title='bbox 666 1834 726 1912; x_wconf 87' lang='lat' dir='ltr'>ejus</span> <span class='ocrx_word' id='word_1_119' title='bbox 737 1832 797 1890; x_wconf 82' lang='lat' dir='ltr'>haee</span> <span class='ocrx_word' id='word_1_120' title='bbox 816 1835 962 1907; x_wconf 81' lang='lat' dir='ltr'>servirmt,</span> <span class='ocrx_word' id='word_1_121' title='bbox 975 1835 1091 1912; x_wconf 30' lang='lat' dir='ltr'>,mundo</span> <span class='ocrx_word' id='word_1_122' title='bbox 1110 1835 1161 1895; x_wconf 87' lang='lat' dir='ltr'>toti</span> <span class='ocrx_word' id='word_1_123' title='bbox 1216 1892 1218 1898; x_wconf 88' lang='lat'>.</span> 
     </span>
     <span class='ocr_line' id='line_1_14' title="bbox 85 1941 1162 2023; baseline 0 -21"><span class='ocrx_word' id='word_1_124' title='bbox 85 1945 211 2002; x_wconf 83' lang='lat' dir='ltr'>serviunt</span> <span class='ocrx_word' id='word_1_125' title='bbox 231 1965 241 2000; x_wconf 73' lang='lat' dir='ltr'>e</span> <span class='ocrx_word' id='word_1_126' title='bbox 262 1963 315 2000; x_wconf 87' lang='lat' dir='ltr'>nec</span> <span class='ocrx_word' id='word_1_127' title='bbox 331 1941 419 2000; x_wconf 84' lang='lat' dir='ltr'>solius</span> <span class='ocrx_word' id='word_1_128' title='bbox 435 1941 560 2000; x_wconf 89' lang='lat' dir='ltr'>hominis</span> <span class='ocrx_word' id='word_1_129' title='bbox 572 1953 717 2022; x_wconf 79' lang='lat' dir='ltr'>aspectum</span> <span class='ocrx_word' id='word_1_130' title='bbox 732 1941 852 2014; x_wconf 85' lang='lat' dir='ltr'>haberi,</span> <span class='ocrx_word' id='word_1_131' title='bbox 868 1941 1030 2001; x_wconf 87' lang='lat' dir='ltr'>verecunde</span> <span class='ocrx_word' id='word_1_132' title='bbox 1044 1943 1162 2023; x_wconf 87' lang='lat' dir='ltr'>quidem</span> 
     </span>
     <span class='ocr_line' id='line_1_15' title="bbox 86 2047 1163 2129; baseline 0.001 -23"><span class='ocrx_word' id='word_1_133' title='bbox 86 2061 172 2129; x_wconf 83' lang='lat' dir='ltr'>petas.</span> <span class='ocrx_word' id='word_1_134' title='bbox 189 2048 300 2106; x_wconf 88' lang='lat' dir='ltr'>Tamen</span> <span class='ocrx_word' id='word_1_135' title='bbox 315 2069 352 2107; x_wconf 80' lang='lat' dir='ltr'>an</span> <span class='ocrx_word' id='word_1_136' title='bbox 372 2068 429 2106; x_wconf 89' lang='lat' dir='ltr'>non</span> <span class='ocrx_word' id='word_1_137' title='bbox 449 2059 479 2106; x_wconf 93' lang='lat' dir='ltr'>et</span> <span class='ocrx_word' id='word_1_138' title='bbox 497 2048 550 2107; x_wconf 84' lang='lat' dir='ltr'>ista</span> <span class='ocrx_word' id='word_1_139' title='bbox 566 2047 699 2106; x_wconf 81' lang='lat' dir='ltr'>humanis</span> <span class='ocrx_word' id='word_1_140' title='bbox 712 2047 812 2106; x_wconf 85' lang='lat' dir='ltr'>usibus</span> <span class='ocrx_word' id='word_1_141' title='bbox 824 2068 856 2106; x_wconf 84' lang='lat' dir='ltr'>se</span> <span class='ocrx_word' id='word_1_142' title='bbox 871 2047 1022 2128; x_wconf 79' lang='lat' dir='ltr'>prebent?</span> <span class='ocrx_word' id='word_1_143' title='bbox 1035 2047 1163 2118; x_wconf 56' lang='lat' dir='ltr'>omium</span> 
     </span>
     <span class='ocr_line' id='line_1_16' title="bbox 86 2153 1163 2236; baseline -0.001 -23"><span class='ocrx_word' id='word_1_144' title='bbox 86 2155 160 2236; x_wconf 82' lang='lat' dir='ltr'>quod</span> <span class='ocrx_word' id='word_1_145' title='bbox 175 2155 330 2235; x_wconf 87' lang='lat' dir='ltr'>imperium</span> <span class='ocrx_word' id='word_1_146' title='bbox 345 2154 374 2213; x_wconf 90' lang='lat' dir='ltr'>in</span> <span class='ocrx_word' id='word_1_147' title='bbox 389 2153 448 2212; x_wconf 70' lang='lat' dir='ltr'>hcc</span> <span class='ocrx_word' id='word_1_148' title='bbox 460 2165 519 2214; x_wconf 75' lang='lat' dir='ltr'>tam</span> <span class='ocrx_word' id='word_1_149' title='bbox 536 2175 652 2234; x_wconf 83' lang='lat' dir='ltr'>aspera,</span> <span class='ocrx_word' id='word_1_150' title='bbox 671 2165 701 2212; x_wconf 90' lang='lat' dir='ltr'>et</span> <span class='ocrx_word' id='word_1_151' title='bbox 709 2153 802 2212; x_wconf 82' lang='lat' dir='ltr'>calide</span> <span class='ocrx_word' id='word_1_152' title='bbox 813 2155 964 2227; x_wconf 76' lang='lat' dir='ltr'>nocentia,</span> <span class='ocrx_word' id='word_1_153' title='bbox 978 2175 1163 2226; x_wconf 83' lang='lat' dir='ltr'>exercemus,</span> 
     </span>
     <span class='ocr_line' id='line_1_17' title="bbox 88 2259 1164 2347; baseline -0.001 -27"><span class='ocrx_word' id='word_1_154' title='bbox 88 2274 114 2320; x_wconf 85' lang='lat' dir='ltr'>et</span> <span class='ocrx_word' id='word_1_155' title='bbox 128 2271 232 2320; x_wconf 87' lang='lat' dir='ltr'>cuncta</span> <span class='ocrx_word' id='word_1_156' title='bbox 246 2283 263 2320; x_wconf 85' lang='lat' dir='ltr'>a</span> <span class='ocrx_word' id='word_1_157' title='bbox 278 2271 380 2347; x_wconf 67' lang='lat' dir='ltr'>nutura</span> <span class='ocrx_word' id='word_1_158' title='bbox 398 2281 451 2319; x_wconf 87' lang='lat' dir='ltr'>nos</span> <span class='ocrx_word' id='word_1_159' title='bbox 469 2259 584 2342; x_wconf 80' lang='lat' dir='ltr'>lugiunt</span> <span class='ocrx_word' id='word_1_160' title='bbox 603 2284 612 2319; x_wconf 74' lang='lat' dir='ltr'>a</span> <span class='ocrx_word' id='word_1_161' title='bbox 631 2259 683 2320; x_wconf 89' lang='lat' dir='ltr'>sed</span> <span class='ocrx_word' id='word_1_162' title='bbox 700 2260 760 2318; x_wconf 77' lang='lat' dir='ltr'>rim</span> <span class='ocrx_word' id='word_1_163' title='bbox 778 2262 864 2320; x_wconf 88' lang='lat' dir='ltr'>etiam</span> <span class='ocrx_word' id='word_1_164' title='bbox 877 2272 907 2321; x_wconf 89' lang='lat' dir='ltr'>et</span> <span class='ocrx_word' id='word_1_165' title='bbox 921 2283 1005 2321; x_wconf 88' lang='lat' dir='ltr'>usum</span> <span class='ocrx_word' id='word_1_166' title='bbox 1021 2262 1164 2320; x_wconf 89' lang='lat' dir='ltr'>occultum</span> 
     </span>
     <span class='ocr_line' id='line_1_18' title="bbox 89 2365 1165 2448; baseline 0 -22"><span class='ocrx_word' id='word_1_167' title='bbox 89 2369 212 2442; x_wconf 81' lang='lat' dir='ltr'>habere,</span> <span class='ocrx_word' id='word_1_168' title='bbox 234 2369 314 2448; x_wconf 87' lang='lat' dir='ltr'>prior</span> <span class='ocrx_word' id='word_1_169' title='bbox 332 2379 363 2426; x_wconf 90' lang='lat' dir='ltr'>et</span> <span class='ocrx_word' id='word_1_170' title='bbox 380 2367 441 2426; x_wconf 79' lang='lat' dir='ltr'>hee</span> <span class='ocrx_word' id='word_1_171' title='bbox 461 2380 527 2425; x_wconf 76' lang='lat' dir='ltr'>cetos</span> <span class='ocrx_word' id='word_1_172' title='bbox 543 2365 660 2441; x_wconf 90' lang='lat' dir='ltr'>docuit,</span> <span class='ocrx_word' id='word_1_173' title='bbox 676 2390 711 2426; x_wconf 91' lang='lat' dir='ltr'>ac</span> <span class='ocrx_word' id='word_1_174' title='bbox 730 2378 843 2448; x_wconf 86' lang='lat' dir='ltr'>postera</span> <span class='ocrx_word' id='word_1_175' title='bbox 866 2367 988 2429; x_wconf 84' lang='lat' dir='ltr'>docebit.</span> <span class='ocrx_word' id='word_1_176' title='bbox 1015 2367 1058 2428; x_wconf 87' lang='lat' dir='ltr'>No</span> <span class='ocrx_word' id='word_1_177' title='bbox 1080 2369 1165 2427; x_wconf 88' lang='lat' dir='ltr'>stulte</span> 
     </span>
     <span class='ocr_line' id='line_1_19' title="bbox 90 2471 1166 2558; baseline 0 -25"><span class='ocrx_word' id='word_1_178' title='bbox 90 2487 115 2533; x_wconf 89' lang='lat' dir='ltr'>et</span> <span class='ocrx_word' id='word_1_179' title='bbox 125 2495 249 2556; x_wconf 80' lang='lat' dir='ltr'>propero</span> <span class='ocrx_word' id='word_1_180' title='bbox 260 2474 364 2533; x_wconf 84' lang='lat' dir='ltr'>damna</span> <span class='ocrx_word' id='word_1_181' title='bbox 376 2497 385 2534; x_wconf 75' lang='lat' dir='ltr'>z</span> <span class='ocrx_word' id='word_1_182' title='bbox 399 2473 468 2548; x_wconf 87' lang='lat' dir='ltr'>sed,</span> <span class='ocrx_word' id='word_1_183' title='bbox 485 2481 518 2532; x_wconf 82' lang='lat' dir='ltr'>ut</span> <span class='ocrx_word' id='word_1_184' title='bbox 534 2471 648 2533; x_wconf 73' lang='lat' dir='ltr'>Nature</span> <span class='ocrx_word' id='word_1_185' title='bbox 658 2473 776 2555; x_wconf 87' lang='lat' dir='ltr'>quidam</span> <span class='ocrx_word' id='word_1_186' title='bbox 787 2476 895 2554; x_wconf 85' lang='lat' dir='ltr'>peritus</span> <span class='ocrx_word' id='word_1_187' title='bbox 913 2488 1041 2548; x_wconf 85' lang='lat' dir='ltr'>venator,</span> <span class='ocrx_word' id='word_1_188' title='bbox 1063 2475 1166 2558; x_wconf 72' lang='lat' dir='ltr'>indaga</span> 
     </span>
     <span class='ocr_line' id='line_1_20' title="bbox 91 2574 1165 2663; baseline 0.003 -25"><span class='ocrx_word' id='word_1_189' title='bbox 91 2582 176 2662; x_wconf 73' lang='lat' dir='ltr'>nangis</span> <span class='ocrx_word' id='word_1_190' title='bbox 193 2593 224 2638; x_wconf 89' lang='lat' dir='ltr'>et</span> <span class='ocrx_word' id='word_1_191' title='bbox 242 2581 365 2661; x_wconf 84' lang='lat' dir='ltr'>inquire.</span> <span class='ocrx_word' id='word_1_192' title='bbox 390 2579 565 2661; x_wconf 81' lang='lat' dir='ltr'>Augustinus</span> <span class='ocrx_word' id='word_1_193' title='bbox 585 2600 620 2637; x_wconf 90' lang='lat' dir='ltr'>eo</span> <span class='ocrx_word' id='word_1_194' title='bbox 636 2591 719 2637; x_wconf 86' lang='lat' dir='ltr'>vocat</span> <span class='ocrx_word' id='word_1_195' title='bbox 736 2574 803 2659; x_wconf 89' lang='lat' dir='ltr'>(XI</span> <span class='ocrx_word' id='word_1_196' title='bbox 814 2578 860 2637; x_wconf 89' lang='lat' dir='ltr'>De</span> <span class='ocrx_word' id='word_1_197' title='bbox 881 2579 980 2654; x_wconf 71' lang='lat' dir='ltr'>(livit,</span> <span class='ocrx_word' id='word_1_198' title='bbox 997 2603 1061 2663; x_wconf 87' lang='lat' dir='ltr'>cap.</span> <span class='ocrx_word' id='word_1_199' title='bbox 1085 2579 1165 2662; x_wconf 80' lang='lat'><strong>22)&#39;=</strong></span> 
     </span>
     <span class='ocr_line' id='line_1_21' title="bbox 93 2682 1168 2766; baseline 0.001 -21"><span class='ocrx_word' id='word_1_200' title='bbox 93 2685 244 2758; x_wconf 79' lang='lat' dir='ltr'>«Divina,</span> <span class='ocrx_word' id='word_1_201' title='bbox 263 2685 375 2765; x_wconf 80' lang='lat' dir='ltr'>inquit,</span> <span class='ocrx_word' id='word_1_202' title='bbox 397 2705 450 2743; x_wconf 88' lang='lat' dir='ltr'>nos</span> <span class='ocrx_word' id='word_1_203' title='bbox 470 2683 606 2744; x_wconf 79' lang='lat' dir='ltr'>admouet</span> <span class='ocrx_word' id='word_1_204' title='bbox 627 2682 830 2758; x_wconf 80' lang='lat' dir='ltr'>Proridentia,</span> <span class='ocrx_word' id='word_1_205' title='bbox 852 2705 911 2744; x_wconf 91' lang='lat' dir='ltr'>non</span> <span class='ocrx_word' id='word_1_206' title='bbox 932 2705 978 2744; x_wconf 88' lang='lat' dir='ltr'>res</span> <span class='ocrx_word' id='word_1_207' title='bbox 1001 2687 1168 2766; x_wconf 85' lang='lat' dir='ltr'>insipienter</span> 
     </span>
     <span class='ocr_line' id='line_1_22' title="bbox 92 2777 1169 2874; baseline 0.001 -24"><span class='ocrx_word' id='word_1_208' title='bbox 92 2795 271 2874; x_wconf 79' lang='lat' dir='ltr'>vituperare,</span> <span class='ocrx_word' id='word_1_209' title='bbox 291 2791 343 2851; x_wconf 86' lang='lat' dir='ltr'>sed</span> <span class='ocrx_word' id='word_1_210' title='bbox 361 2777 514 2851; x_wconf 73' lang='lat' dir='ltr'>utilitatem</span> <span class='ocrx_word' id='word_1_211' title='bbox 530 2811 627 2848; x_wconf 82' lang='lat' dir='ltr'>rerum</span> <span class='ocrx_word' id='word_1_212' title='bbox 641 2786 793 2871; x_wconf 87' lang='lat' dir='ltr'>dillgenter</span> <span class='ocrx_word' id='word_1_213' title='bbox 810 2791 977 2871; x_wconf 82' lang='lat' dir='ltr'>inquirere:</span> <span class='ocrx_word' id='word_1_214' title='bbox 995 2804 1023 2850; x_wconf 87' lang='lat' dir='ltr'>et</span> <span class='ocrx_word' id='word_1_215' title='bbox 1044 2793 1094 2851; x_wconf 85' lang='lat' dir='ltr'>ubi</span> <span class='ocrx_word' id='word_1_216' title='bbox 1112 2816 1169 2851; x_wconf 88' lang='lat' dir='ltr'>no-</span> 
     </span>
     <span class='ocr_line' id='line_1_23' title="bbox 94 2895 1170 2982; baseline 0.001 -25"><span class='ocrx_word' id='word_1_217' title='bbox 94 2911 178 2959; x_wconf 80' lang='lat' dir='ltr'>stmm</span> <span class='ocrx_word' id='word_1_218' title='bbox 194 2901 344 2982; x_wconf 82' lang='lat' dir='ltr'>ingenium</span> <span class='ocrx_word' id='word_1_219' title='bbox 359 2898 407 2957; x_wconf 83' lang='lat' dir='ltr'>vel</span> <span class='ocrx_word' id='word_1_220' title='bbox 425 2896 576 2956; x_wconf 81' lang='lat' dir='ltr'>infirmitas</span> <span class='ocrx_word' id='word_1_221' title='bbox 593 2895 707 2970; x_wconf 87' lang='lat' dir='ltr'>delicit,</span> <span class='ocrx_word' id='word_1_222' title='bbox 730 2896 772 2955; x_wconf 91' lang='lat' dir='ltr'>ibi</span> <span class='ocrx_word' id='word_1_223' title='bbox 792 2895 910 2957; x_wconf 89' lang='lat' dir='ltr'>eredere</span> <span class='ocrx_word' id='word_1_224' title='bbox 930 2897 1041 2956; x_wconf 84' lang='lat' dir='ltr'>occulta</span> <span class='ocrx_word' id='word_1_225' title='bbox 1064 2921 1072 2955; x_wconf 87' lang='lat'><em>=</em></span> <span class='ocrx_word' id='word_1_226' title='bbox 1095 2901 1170 2958; x_wconf 90' lang='lat' dir='ltr'>sicut</span> 
     </span>
     <span class='ocr_line' id='line_1_24' title="bbox 95 2984 1170 3082; baseline 0.001 -24"><span class='ocrx_word' id='word_1_227' title='bbox 95 3001 165 3074; x_wconf 83' lang='lat' dir='ltr'>ulia,</span> <span class='ocrx_word' id='word_1_228' title='bbox 185 3021 245 3082; x_wconf 86' lang='lat' dir='ltr'>qua</span> <span class='ocrx_word' id='word_1_229' title='bbox 264 3001 313 3058; x_wconf 84' lang='lat' dir='ltr'>vix</span> <span class='ocrx_word' id='word_1_230' title='bbox 334 2999 480 3080; x_wconf 70' lang='lat' dir='ltr'>potuim</span> <span class='ocrx_word' id='word_1_231' title='bbox 497 2997 636 3056; x_wconf 86' lang='lat' dir='ltr'>invenire.</span> <span class='ocrx_word' id='word_1_232' title='bbox 653 2984 756 3078; x_wconf 40' lang='lat' dir='ltr'>&#39;Atque</span> <span class='ocrx_word' id='word_1_233' title='bbox 771 2997 830 3054; x_wconf 83' lang='lat' dir='ltr'>hree</span> <span class='ocrx_word' id='word_1_234' title='bbox 850 2998 912 3077; x_wconf 88' lang='lat' dir='ltr'>ipsa</span> <span class='ocrx_word' id='word_1_235' title='bbox 932 3010 981 3056; x_wconf 87' lang='lat' dir='ltr'>aut</span> <span class='ocrx_word' id='word_1_236' title='bbox 1001 2998 1170 3060; x_wconf 78' lang='lat' dir='ltr'>humilitatis</span> 
     </span>
     <span class='ocr_line' id='line_1_25' title="bbox 95 3101 1170 3186; baseline 0.002 -22"><span class='ocrx_word' id='word_1_237' title='bbox 95 3107 261 3166; x_wconf 78' lang='lat' dir='ltr'>exercitatio</span> <span class='ocrx_word' id='word_1_238' title='bbox 268 3117 330 3177; x_wconf 83' lang='lat' dir='ltr'>cst„</span> <span class='ocrx_word' id='word_1_239' title='bbox 341 3116 390 3163; x_wconf 89' lang='lat' dir='ltr'>aut</span> <span class='ocrx_word' id='word_1_240' title='bbox 400 3103 531 3164; x_wconf 84' lang='lat' dir='ltr'>elationis</span> <span class='ocrx_word' id='word_1_241' title='bbox 552 3103 699 3162; x_wconf 81' lang='lat' dir='ltr'>attritio.»</span> <span class='ocrx_word' id='word_1_242' title='bbox 721 3101 917 3162; x_wconf 80' lang='lat' dir='ltr'>Pulcherrima</span> <span class='ocrx_word' id='word_1_243' title='bbox 936 3103 1081 3176; x_wconf 80' lang='lat' dir='ltr'>elmuula;</span> <span class='ocrx_word' id='word_1_244' title='bbox 1099 3105 1170 3186; x_wconf 89' lang='lat' dir='ltr'>quid</span> 
     </span>
     <span class='ocr_line' id='line_1_26' title="bbox 97 3207 1170 3292; baseline 0 -22"><span class='ocrx_word' id='word_1_245' title='bbox 97 3214 153 3283; x_wconf 75' lang='lat' dir='ltr'>ris,</span> <span class='ocrx_word' id='word_1_246' title='bbox 170 3210 310 3272; x_wconf 71' lang='lat' dir='ltr'>dhumo?</span> <span class='ocrx_word' id='word_1_247' title='bbox 322 3223 467 3292; x_wconf 87' lang='lat' dir='ltr'>stuporem</span> <span class='ocrx_word' id='word_1_248' title='bbox 479 3221 560 3268; x_wconf 91' lang='lat' dir='ltr'>tuum</span> <span class='ocrx_word' id='word_1_249' title='bbox 572 3208 675 3268; x_wconf 75' lang='lat' dir='ltr'>divine</span> <span class='ocrx_word' id='word_1_250' title='bbox 686 3207 836 3290; x_wconf 72' lang='lat' dir='ltr'>Sapientior</span> <span class='ocrx_word' id='word_1_251' title='bbox 846 3231 992 3290; x_wconf 87' lang='lat' dir='ltr'>opponere</span> <span class='ocrx_word' id='word_1_252' title='bbox 1004 3209 1017 3268; x_wconf 85' lang='lat'>?</span> <span class='ocrx_word' id='word_1_253' title='bbox 1028 3209 1170 3291; x_wconf 87' lang='lat' dir='ltr'>quidquid</span> 
     </span>
     <span class='ocr_line' id='line_1_27' title="bbox 98 3315 1170 3398; baseline 0.003 -24"><span class='ocrx_word' id='word_1_254' title='bbox 98 3337 150 3376; x_wconf 91' lang='lat' dir='ltr'>nou</span> <span class='ocrx_word' id='word_1_255' title='bbox 166 3317 262 3398; x_wconf 82' lang='lat' dir='ltr'>capis,</span> <span class='ocrx_word' id='word_1_256' title='bbox 280 3315 418 3398; x_wconf 78' lang='lat' dir='ltr'>carpere?</span> <span class='ocrx_word' id='word_1_257' title='bbox 432 3316 558 3375; x_wconf 81' lang='lat' dir='ltr'>Demitte</span> <span class='ocrx_word' id='word_1_258' title='bbox 582 3327 611 3374; x_wconf 89' lang='lat' dir='ltr'>et</span> <span class='ocrx_word' id='word_1_259' title='bbox 631 3315 737 3374; x_wconf 77' lang='lat' dir='ltr'>inclina</span> <span class='ocrx_word' id='word_1_260' title='bbox 754 3327 782 3374; x_wconf 85' lang='lat' dir='ltr'>te</span> <span class='ocrx_word' id='word_1_261' title='bbox 797 3316 892 3396; x_wconf 86' lang='lat' dir='ltr'>potius</span> <span class='ocrx_word' id='word_1_262' title='bbox 912 3337 921 3373; x_wconf 75' lang='lat' dir='ltr'>r</span> <span class='ocrx_word' id='word_1_263' title='bbox 939 3329 968 3375; x_wconf 84' lang='lat' dir='ltr'>et</span> <span class='ocrx_word' id='word_1_264' title='bbox 981 3317 1051 3375; x_wconf 89' lang='lat' dir='ltr'>scito</span> <span class='ocrx_word' id='word_1_265' title='bbox 1066 3338 1170 3377; x_wconf 82' lang='lat' dir='ltr'>arcuna</span> 
     </span>
     <span class='ocr_line' id='line_1_28' title="bbox 98 3419 1186 3504; baseline -0.002 -22"><span class='ocrx_word' id='word_1_266' title='bbox 98 3423 152 3482; x_wconf 76' lang='lat' dir='ltr'>hee</span> <span class='ocrx_word' id='word_1_267' title='bbox 166 3423 283 3485; x_wconf 72' lang='lat' dir='ltr'>Nature</span> <span class='ocrx_word' id='word_1_268' title='bbox 296 3423 401 3503; x_wconf 83' lang='lat' dir='ltr'>adyta,</span> <span class='ocrx_word' id='word_1_269' title='bbox 419 3443 524 3504; x_wconf 75' lang='lat' dir='ltr'>magno</span> <span class='ocrx_word' id='word_1_270' title='bbox 539 3420 582 3480; x_wconf 85' lang='lat' dir='ltr'>illi</span> <span class='ocrx_word' id='word_1_271' title='bbox 602 3419 730 3480; x_wconf 78' lang='lat' dir='ltr'>Ponuhci</span> <span class='ocrx_word' id='word_1_272' title='bbox 748 3421 879 3480; x_wconf 78' lang='lat' dir='ltr'>adeunda</span> <span class='ocrx_word' id='word_1_273' title='bbox 902 3433 1035 3481; x_wconf 83' lang='lat' dir='ltr'>tantum:</span> <span class='ocrx_word' id='word_1_274' title='bbox 1053 3422 1186 3482; x_wconf 77' lang='lat' dir='ltr'>sortasse-</span> 
     </span>
     <span class='ocr_line' id='line_1_29' title="bbox 100 3526 1167 3612; baseline 0 -24"><span class='ocrx_word' id='word_1_275' title='bbox 100 3531 255 3591; x_wconf 85' lang='lat' dir='ltr'>minoribus</span> <span class='ocrx_word' id='word_1_276' title='bbox 269 3530 354 3589; x_wconf 84' lang='lat' dir='ltr'>etiam</span> <span class='ocrx_word' id='word_1_277' title='bbox 368 3527 561 3588; x_wconf 82' lang='lat' dir='ltr'>sacerdotibus</span> <span class='ocrx_word' id='word_1_278' title='bbox 572 3571 580 3600; x_wconf 92' lang='lat'>‚</span> <span class='ocrx_word' id='word_1_279' title='bbox 592 3526 623 3586; x_wconf 88' lang='lat' dir='ltr'>id</span> <span class='ocrx_word' id='word_1_280' title='bbox 634 3539 691 3596; x_wconf 74' lang='lat' dir='ltr'>est,</span> <span class='ocrx_word' id='word_1_281' title='bbox 709 3527 827 3601; x_wconf 88' lang='lat' dir='ltr'>Geniis,</span> <span class='ocrx_word' id='word_1_282' title='bbox 843 3527 920 3588; x_wconf 86' lang='lat' dir='ltr'>haud</span> <span class='ocrx_word' id='word_1_283' title='bbox 936 3551 1048 3612; x_wconf 83' lang='lat' dir='ltr'>semper</span> <span class='ocrx_word' id='word_1_284' title='bbox 1060 3543 1167 3611; x_wconf 84' lang='lat' dir='ltr'>operto.</span> 
     </span>
     <span class='ocr_line' id='line_1_30' title="bbox 101 3635 1172 3718; baseline -0.001 -22"><span class='ocrx_word' id='word_1_285' title='bbox 101 3635 172 3710; x_wconf 84' lang='lat' dir='ltr'>Quid</span> <span class='ocrx_word' id='word_1_286' title='bbox 189 3637 273 3698; x_wconf 83' lang='lat' dir='ltr'>nobis</span> <span class='ocrx_word' id='word_1_287' title='bbox 292 3635 441 3718; x_wconf 76' lang='lat' dir='ltr'>prolenis?</span> <span class='ocrx_word' id='word_1_288' title='bbox 456 3635 627 3718; x_wconf 73' lang='lat' dir='ltr'>caligamus,</span> <span class='ocrx_word' id='word_1_289' title='bbox 644 3647 673 3697; x_wconf 89' lang='lat' dir='ltr'>et</span> <span class='ocrx_word' id='word_1_290' title='bbox 696 3636 726 3695; x_wconf 91' lang='lat' dir='ltr'>in</span> <span class='ocrx_word' id='word_1_291' title='bbox 742 3637 864 3718; x_wconf 83' lang='lat' dir='ltr'>primam</span> <span class='ocrx_word' id='word_1_292' title='bbox 877 3637 954 3698; x_wconf 91' lang='lat' dir='ltr'>illam</span> <span class='ocrx_word' id='word_1_293' title='bbox 971 3635 1091 3698; x_wconf 77' lang='lat' dir='ltr'>Coruum</span> <span class='ocrx_word' id='word_1_294' title='bbox 1104 3636 1172 3696; x_wconf 88' lang='lat' dir='ltr'>lrn-</span> 
     </span>
     <span class='ocr_line' id='line_1_31' title="bbox 103 3743 479 3806; baseline -0.008 -4"><span class='ocrx_word' id='word_1_295' title='bbox 103 3754 158 3802; x_wconf 82' lang='lat' dir='ltr'>atra</span> <span class='ocrx_word' id='word_1_296' title='bbox 173 3743 272 3806; x_wconf 80' lang='lat' dir='ltr'>oculos</span> <span class='ocrx_word' id='word_1_297' title='bbox 285 3744 479 3804; x_wconf 87' lang='lat' dir='ltr'>immittamus.</span> 
     </span>
    </p>
   </div>
   <div class='ocr_carea' id='block_1_3' title="bbox 0 0 1517 4934">
    <p class='ocr_par' dir='ltr' id='par_1_3' title="bbox 0 0 1517 4934">
     <span class='ocr_line' id='line_1_32' title="bbox 0 0 1517 4934; baseline 0 0"><span class='ocrx_word' id='word_1_298' title='bbox 0 0 1517 4934; x_wconf 95' lang='lat' dir='ltr'> </span> 
     </span>
    </p>
   </div>
  </div>
 </body>
</html>
