2950 4934
475 452 766 531 nnrs'ronn.
1088 457 1156 562 479

89 617 182 678 rum,
199 579 365 688 sedncultu
378 587 525 683 quodam
541 589 732 660 decoranda
746 607 797 660 est
812 620 820 660 :
834 617 899 662 nec
912 604 1050 664 vereare
1062 597 1155 690 quod

88 713 210 803 saepius
224 726 257 778 te
270 703 392 777 dixisoe
405 708 550 788 retineo,
565 707 687 776 multos
701 709 761 800 qui
774 709 855 776 talia
867 710 1024 780 affectent
1036 735 1155 783 sensus

87 845 327 919 corrumpere,
349 847 464 891 rerum
488 823 632 890 virtutes
653 824 857 892 eviscerare.
879 825 1046 896 Caeterum
1070 829 1155 897 mihi

88 942 254 1011 concedas
271 940 394 1024 velim,
414 938 573 1007 latinitati
587 962 713 1006 rnorem
732 963 871 1032 gerere,
892 940 1044 1011 honestis
1061 946 1157 1013 voci-

89 1054 156 1122 bus
173 1054 322 1148 speciem
346 1051 532 1132 adhibere,
559 1066 598 1118 ut
620 1054 775 1144 generosi
804 1055 954 1122 muneris
984 1060 1155 1128 concertio

89 1168 195 1261 digne
208 1191 228 1234 a
242 1184 275 1234 te
288 1168 394 1260 possit
406 1165 571 1259 expediri.
587 1167 678 1232 Bene
691 1163 780 1233 vale.
796 1167 881 1236 Data
898 1193 938 1236 11.
961 1171 1067 1239 Nonis
1084 1172 1153 1240 Jul.

86 1285 217 1353 Catone
236 1298 271 1352 et
288 1283 414 1353 Sabino
434 1283 530 1351 Coss.

310 1450 407 1517 XIV.
430 1477 567 1517 rannus
589 1445 923 1518 annscn'snnnrau.

133 1608 366 1706 Perpendenti
384 1614 449 1681 tibi
466 1637 506 1681 ea
523 1628 603 1682 sunt
617 1613 784 1695 revelata,
804 1638 880 1706 quas
897 1615 1012 1708 paucis
1031 1611 1156 1684 divinia

85 1747 139 1798 tus
158 1732 336 1799 concessit.
356 1731 469 1799 Certis
488 1728 595 1823 igitur
612 1752 676 1822 ego
690 1730 727 1796 in
742 1753 825 1823 agro
837 1730 907 1821 jam
922 1730 1026 1799 fertili
1041 1756 1156 1801 semen

84 1848 306 1916 fortissimum
325 1871 433 1929 sero,
446 1870 515 1915 non
536 1845 675 1938 quidem
698 1847 872 1914 materiam
890 1871 966 1940 quae
984 1852 1156 1945 corrumpi
1228 1857 1230 1862 ’

83 1964 237 2049 videtur,
253 1963 313 2032 sed
326 1963 467 2032 verbum
481 1961 601 2030 stabile
618 1959 673 2029 dei
695 1961 963 2031 derivamentum
975 1968 1157 2034 crescentis

83 2095 120 2146 et
141 2079 313 2146 manentis
337 2078 374 2145 in
395 2093 578 2160 eternum,
606 2074 697 2166 quod
718 2076 902 2168 prudentia
926 2091 983 2145 tua
1005 2095 1156 2148 assecuta

84 2209 156 2279 est,
174 2193 376 2262 indeficiens
391 2192 462 2260 lore
477 2190 634 2275 debebit,
649 2189 870 2260 Ethnicorum
886 2193 1158 2263 Israhelitarum-

82 2334 156 2402 que
174 2310 425 2378 observationes
443 2330 585 2375 censere
604 2307 772 2374 vitandas.
789 2311 921 2376 Novum
940 2326 973 2378 te
985 2327 1157 2380 auctorem

84 2425 210 2493 leceris
218 2475 229 2510 ,
245 2424 375 2493 Christi
388 2427 469 2492 lesu
482 2424 662 2516 praeconiis
680 2422 891 2492 ostendendo
907 2426 1087 2494 rhetoricis
1103 2429 1157 2494 ir-

82 2541 392 2634 reprehensibilem
419 2537 593 2632 sophiam,
624 2562 726 2630 quam
753 2540 996 2631 propemodum
1013 2541 1157 2636 adeptus

84 2655 163 2747 regi
182 2655 378 2746 temporali,
399 2654 541 2745 ejusque
559 2649 752 2718 domesticis
765 2666 867 2742 atque
883 2650 961 2719 fidis
972 2656 1088 2723 amicis
1101 2657 1157 2724 in-

82 2769 384 2863 sinuahis,quihus
393 2794 513 2862 aspera
525 2785 559 2837 et
569 2767 769 2861 incapabilis
779 2768 846 2836 erit
856 2773 1040 2862 persuasio,
1050 2798 1155 2865 quum
1183 2823 1184 2826 ,

81 2887 245 2980 plerique
262 2910 380 2954 eorum
405 2887 544 2953 minime
568 2885 748 2952 flectantur
771 2883 1054 2955 insinuationibus
1068 2891 1152 2975 tuis,

82 3001 213 3095 quibus
229 3001 333 3068 vitale
355 2996 565 3068 commodum
591 3020 701 3065 sermo
721 2997 785 3066 Dei
806 2997 1005 3082 instillatus,
1031 3025 1154 3072 novum

80 3117 261 3185 hominem
278 3116 351 3185 sine
369 3114 585 3206 corruptela,
610 3128 809 3206 perpetuam
832 3115 978 3183 animam
1006 3119 1096 3210 parit
1111 3119 1155 3187 ad

81 3237 197 3301 Deum
214 3234 339 3301 isthinc
356 3246 610 3325 properantem.
631 3231 733 3311 Vale,
755 3232 883 3299 Seneca
899 3233 1069 3303 carissime
1088 3260 1156 3304 no-

81 3350 150 3418 his.
173 3351 260 3420 Data
273 3347 441 3419 Calendas
456 3348 602 3440 August.
619 3351 748 3440 Latone
763 3363 797 3414 et
809 3347 934 3416 Sabino
951 3351 1047 3419 Coss.
