2950 4934
335 448 404 517 63⁸
671 447 675 453 ’
698 434 854 517 tusrr
876 448 1037 518 mesu

300 595 303 604 ·
333 589 559 671 Ιοῳίιιιι,ῑιάι.
573 616 589 643 ιι
603 588 1404 676 ΡιιΙοΙιηςιιάειίο,οιειναιοὼριυωρω.Νοωοκ,

331 698 394 757 siae
406 698 484 771 Deo,
502 698 598 769 aorit3
616 698 686 757 etin
696 718 745 770 se,
761 697 867 757 Deum.
884 698 959 759 Tum
972 718 1054 759 amor
1065 700 1257 777 assimilandi,
1274 702 1313 763 ad
1326 706 1407 784 eujus

332 804 487 886 imaginem
500 802 569 863 laeti
583 824 701 875 mon
723 802 755 864 id
771 804 827 863 uisi
846 825 900 886 per
916 804 1060 867 Virtutem
1078 828 1139 867 nou
1159 808 1192 869 fit
1206 832 1216 867 e
1231 806 1307 871 bane
1321 812 1408 893 igitur

331 909 548 990 amplectimur,
559 922 590 969 et
602 931 669 969 eum
689 930 725 969 ea
736 908 832 969 Deum
845 922 875 969 et
889 908 988 971 divine
1002 932 1130 975 amemus
1140 914 1322 996 ,loquimur,
1335 938 1407 999 ope-

331 1038 438 1077 ramur
455 1016 567 1089 Facite,
585 1038 603 1075 o
616 1016 765 1091 mortales,
785 1038 835 1077 vos
848 1018 968 1079 notoite.
995 1017 1098 1079 «Eeee
1112 1021 1150 1081 ad
1162 1020 1298 1103 Olympia
1313 1025 1469 1147 profi-

329 1122 487 1195 eiseimiai,
496 1134 529 1185 at
540 1120 646 1182 Pbidin
659 1133 783 1183 statuam
794 1122 913 1185 videatis
926 1147 934 1183 a
948 1137 977 1185 et
990 1146 1047 1185 non
1058 1128 1150 1209 magis
1160 1150 1234 1188 aune
1243 1128 1405 1205 babebitis,

329 1229 500 1309 atvosipsos
514 1228 635 1291 rideatis
642 1229 717 1311 ,qui
730 1242 760 1289 et
772 1229 872 1311 quales
886 1231 992 1291 sitia·
977 1228 1062 1313 (Ex
1072 1230 1195 1315 Epretet
1213 1234 1293 1295 Dias.
1306 1236 1408 1319 libl.)

329 1584 373 1647 De
384 1587 477 1667 probro
491 1556 624 1646 Homiir's
636 1595 697 1645 orta
712 1586 852 1645 vanientes
870 1587 1025 1645 sonantia.
1046 1584 1201 1647 Stoaborum
1223 1587 1401 1667 appmbntu,

664 1431 975 1497 mssaammo
1004 1435 1062 1497 iv.

1468 1578 1469 1661 i

762 1692 961 1772 ebexplicatu.

368 1878 470 1939 Euros
485 1900 553 1962 ergo
567 1877 604 1939 ad
617 1878 792 1951 Hominem,
807 1878 848 1937 mi
863 1876 984 1939 Auditor
999 1900 1007 1936 a
1023 1878 1070 1938 vel
1083 1880 1152 1959 quia
1167 1878 1258 1953 ordo,
1274 1879 1322 1939 vel
1337 1881 1406 1961 quia
1468 1874 1469 1881 '

327 1986 434 2045 utilitas
448 1998 526 2045 tanta
547 2006 582 2045 eo
597 1997 688 2044 vocat.
714 1982 752 2043 Et
770 1985 888 2067 quidem
902 1996 994 2044 totum
1010 1983 1177 2057 videamus,
1194 1984 1232 2043 ab
1248 1986 1313 2066 ipso
1327 1998 1403 2047 ortu.
1468 2012 1469 2047 i

327 2094 414 2153 Unde
424 2094 501 2152 enim
515 2094 625 2173 primos
639 2092 754 2153 Homo?
773 2094 912 2173 primariae
923 2092 970 2151 bio
983 2091 1045 2151 due
1057 2093 1220 2167 sententiae,
1232 2092 1299 2153 Non
1310 2106 1407 2153 ortum

327 2220 406 2271 esse,
426 2212 455 2257 et
474 2196 585 2259 Ortum.
606 2196 693 2259 Primi
715 2209 852 2259 aeteruum
867 2198 994 2272 iaciant,
1011 2218 1076 2261 com
1093 2199 1156 2279 ipso
1170 2196 1307 2257 Mundae
1322 2198 1406 2258 alteri

326 2307 440 2365 initium
455 2304 540 2378 dunt,
562 2305 614 2365 sed
633 2306 683 2367 alii
702 2304 781 2365 aliud
797 2328 805 2365 r
822 2304 912 2385 atque'
924 2306 977 2365 ista
991 2306 1086 2365 omnia
1101 2304 1249 2365 Censorini
1265 2305 1407 2366 uberibus

326 2410 421 2471 verbis
435 2410 584 2472 commode
596 2431 765 2492 proponam.
782 2412 831 2470 Ait
844 2411 930 2493 igitur
944 2407 995 2493 (de
1010 2411 1065 2471 Die
1081 2408 1189 2492 natali)
1204 2434 1214 2469 r
1233 2436 1248 2465 a
1263 2410 1361 2473 Prima
1376 2425 1408 2471 et

323 2518 466 2601 generalis
486 2518 619 2599 questio,
637 2518 712 2580 inter
728 2518 860 2599 antiquas
875 2518 1025 2599 Sapientiae
1042 2516 1182 2577 studiosos
1206 2528 1322 2577 versata
1343 2531 1405 2591 est,

322 2624 418 2707 quod,
434 2646 524 2706 quum
536 2636 645 2683 constet
657 2622 789 2683 homiues
804 2622 931 2705 singulos
945 2644 982 2683 ex
995 2634 1145 2705 parentum
1159 2623 1321 2683 seminibus
1336 2646 1409 2705 pro-

323 2746 452 2806 creatos,
473 2732 650 2791 successione
674 2731 763 2811 prolis
786 2730 876 2791 multa
896 2729 997 2790 sucula
1022 2750 1199 2813 propagare3
1220 2730 1270 2790 alii
1288 2750 1410 2812 smper

321 2838 460 2897 Homines
474 2835 577 2909 fuisse,
590 2858 644 2895 nec
655 2858 785 2917 unquam
795 2836 850 2895 nisi
863 2856 899 2897 ex
910 2834 1074 2897 bominibus
1088 2849 1184 2909 natos,
1198 2848 1286 2918 atque
1300 2858 1409 2897 eorum

320 2945 420 3025 generi
436 2953 523 3023 eaput
540 2941 747 3022 exordiumque
765 2942 877 3003 utillum
899 2942 1041 3001 exstitisse
1063 2942 1191 3001 arbitrati
1207 2954 1285 3002 sunt.
1303 2968 1319 2996 n
1336 2944 1410 3003 nae

321 3052 479 3130 primorum
494 3070 560 3108 eece
574 3050 715 3109 sententia
727 3071 736 3105 a
750 3070 813 3129 quae
827 3070 944 3130 magnos
965 3060 1094 3109 auctores
1115 3046 1223 3123 babet,
1246 3060 1281 3107 ut
1300 3048 1407 3119 addit,

323 3154 511 3236 Pythagoram
521 3200 529 3229 ,
540 3154 671 3214 Ocellam
681 3153 846 3227 Lucanam,
862 3152 1017 3235 Archytam
1027 3154 1214 3214 Tarentinum
1224 3197 1233 3228 ,
1242 3175 1410 3236 omnesque

322 3260 396 3321 adeo
408 3260 630 3343 Pythagoricum
645 3260 696 3321 sed
711 3273 739 3320 et
753 3260 901 3321 Platonem
915 3282 980 3321 eum
995 3262 1111 3343 antiqua
1122 3259 1280 3321 Academia
1292 3285 1302 3319 ι
1314 3261 1411 3321 deni-

321 3388 379 3448 que
390 3368 585 3442 Aristotelem,
597 3368 843 3451 Theophrastum,
858 3379 886 3429 et
896 3368 1149 3451 Peripateticorum
1159 3380 1250 3429 totam
1261 3368 1409 3431 tebolatm

323 3472 405 3533 Idem
416 3473 453 3533 de
466 3474 636 3535 animalibus
650 3474 712 3534 aliis
725 3496 733 3533 ι
747 3473 869 3555 ideoque
882 3472 983 3535 frastra
998 3476 1101 3557 quari,
1119 3502 1133 3527 ιι
1143 3496 1198 3535 nee
1212 3496 1299 3556 posse
1313 3498 1413 3558 repe-

322 3582 389 3654 riri,
401 3583 513 3640 Aveene
527 3592 611 3655 ante,
626 3604 664 3640 an
674 3580 735 3639 Ova
751 3591 884 3664 generata
899 3582 956 3640 sint
968 3604 975 3652 3
988 3602 1078 3662 qurum
1090 3592 1119 3640 et
1128 3580 1223 3641 Ovum
1238 3582 1304 3641 sine
1321 3585 1410 3657 Ave,

321 3699 351 3747 et
365 3690 434 3748 dvis
448 3688 510 3747 sine
524 3688 587 3747 Ovo
601 3686 679 3770 gigni
693 3708 751 3747 non
766 3688 864 3769 possit.
888 3688 932 3747 lta
952 3698 982 3747 et
1000 3689 1145 3761 omnium,
1163 3708 1226 3769 quae
1242 3689 1274 3748 in
1289 3692 1415 3771 sempi-

320 3808 402 3854 terno
414 3796 468 3854 isto
475 3794 588 3855 Mundo
597 3816 711 3875 semper
721 3792 854 3868 fuerunt,
867 3792 1018 3875 latumque
1031 3806 1112 3868 suat,
1128 3796 1211 3855 aiunt
1221 3794 1414 3878 Principium

191 3959 195 3965 ,
319 3900 407 3960 luisse
417 3900 527 3960 nullum
541 3924 549 3959 a
562 3899 614 3959 sed
627 3901 725 3959 orbem
741 3920 803 3959 esse
816 3899 969 3981 quemdam
982 3901 1181 3982 generantium
1195 3904 1412 3965 nascentium·

318 4028 375 4089 que
400 4009 430 4066 in
453 4029 510 4088 quo
532 4008 755 4088 uniuscujusque
771 4006 883 4089 generis
898 4007 1011 4067 initium
1026 4006 1111 4067 simul
1133 4018 1162 4066 et
1183 4008 1249 4067 linis
1271 4029 1337 4069 esse
1359 4014 1418 4073 vi-

319 4114 429 4176 deatur.
441 4142 454 4169 a
470 4116 528 4175 Ista
539 4116 656 4198 quidem
666 4114 840 4175 AEternitatis
852 4113 1032 4188 defensores,
1048 4136 1106 4175 non
1121 4117 1183 4176 sine
1200 4116 1308 4197 iniuria
1323 4116 1415 4181 illius

318 4218 428 4280 AEtemi
444 4244 453 4280 a
469 4224 536 4303 qui,
554 4223 577 4281 si
593 4220 665 4281 nibil
682 4220 749 4281 iecit
770 4234 819 4281 aat
838 4220 983 4295 condidit,
1004 4244 1065 4304 quar
1083 4221 1226 4305 dignitas,
1249 4236 1412 4306 potestas,
