2950 4934
399 483 663 557 corstona
689 485 789 555 civ,
1071 491 1135 578 189

66 617 213 707 protinus
237 638 359 684 navem
379 615 554 699 ascendit,
579 615 755 685 clamitans
774 637 843 684 nou
865 616 1019 708 corporis
1036 637 1130 696 eoae,

66 729 120 798 ced
135 729 201 799 loci
217 731 391 799 morbum.
409 735 483 800 Hoc
501 755 566 826 ego
582 730 734 799 Pauliuae
751 753 834 798 mcoe
849 729 939 812 dixi,
958 753 1034 822 qnae
1047 729 1134 798 mihi
1162 745 1176 776 ²

64 844 288 916 valetudinem
302 870 413 916 meam
430 845 657 916 commendat.
669 849 775 931 Nam,
791 870 895 940 quum
910 833 1013 914 sciam
1029 847 1133 940 spiri-

65 967 150 1030 tum¹
172 964 269 1034 illine
282 965 320 1032 in
334 988 409 1033 mco
420 965 528 1048 verti,
550 964 700 1057 incipio,
715 963 819 1032 atilli
834 962 1029 1050 consulam,
1047 963 1133 1032 mihi

65 1080 257 1168 contulere,
271 1098 319 1167 et,
335 1106 442 1175 quum
456 1106 510 1150 me
524 1082 698 1151 fortiorem
714 1098 871 1150 senectus
885 1079 928 1148 ad
940 1080 1046 1148 multa
1058 1080 1135 1149 red-

63 1193 207 1279 diderit,
226 1197 295 1266 hoc
310 1197 516 1266 beneficium
534 1199 804 1266 aetatiaamitto².
817 1199 920 1266 Venit
937 1199 1028 1266 enim
1046 1199 1132 1266 mihi

62 1308 94 1374 in
108 1326 279 1394 mentem,
302 1312 340 1378 in
357 1311 424 1380 hoc
439 1335 521 1380 eene
538 1327 573 1380 et
591 1310 840 1380 adolescentem
860 1333 956 1396 erae,
976 1312 1034 1380 oui
1048 1335 1131 1404 par-

62 1425 156 1492 citur.
173 1428 317 1519 Itaque,
334 1419 516 1520 quoniam³
536 1451 602 1522 ego
617 1427 662 1496 ab
674 1428 734 1497 illa
750 1451 820 1496 non
838 1419 1002 1520 impetro,
1019 1441 1059 1495 ut
1075 1449 1131 1496 mc

61 1538 175 1608 fortius
192 1538 331 1627 amet⁴,
353 1545 515 1638 impetrat
532 1544 591 1612 illa
614 1543 651 1635 [a
667 1567 721 1612 me
733 1534 781 1634 ⁵,]
801 1559 839 1612 ut
856 1567 910 1610 mo
930 1543 1130 1636 diligentiae

59 1680 175 1728 amem.
195 1660 453 1756 Indulgendum
470 1677 523 1732 eat
537 1663 629 1731 enim
642 1660 796 1731 honestis
807 1660 984 1731 affectibus
1001 1687 1009 1728 ε
1025 1675 1061 1728 et
1073 1661 1130 1728 in·-
1153 1662 1169 1714 ³

59 1775 200 1860 tendum,
214 1780 318 1847 etiam
330 1781 358 1848 ai
370 1795 661 1874 premuntcanaae,
674 1779 816 1872 spirituc
827 1777 1038 1845 inhonorem
1051 1799 1130 1844 suo·

59 1914 128 1960 rum
140 1894 195 1962 vel
208 1918 289 1963 cum
302 1912 470 1964 tormento
482 1895 705 1978 revocandus,
719 1910 755 1964 et
768 1896 805 1962 in
818 1895 893 1989 ipro
906 1916 965 1962 ore
980 1895 1131 1962 retinen-

60 2003 117 2073 dus
134 2023 210 2096 αις
234 2033 340 2100 quum
356 2009 448 2079 bono
464 2005 562 2079 viro⁶
578 2009 760 2079 vivendum
778 2012 844 2094 ait,
871 2033 942 2078 non
965 2007 1129 2102 quamdiu

57 2119 165 2210 juvat,
185 2118 251 2190 aed
267 2120 431 2214 quamdiu
448 2133 594 2220 oportet}
614 2124 696 2208 llle,
716 2127 777 2217 qui
794 2148 863 2194 non
880 2148 1037 2210 uxorem,
1056 2147 1128 2193 non

59 2238 196 2308 amicum
215 2239 303 2307 tanti
322 2255 439 2333 putat,
458 2257 497 2309 ut
515 2241 644 2310 diutim
663 2243 701 2310 in
716 2243 789 2310 vita
807 2258 1046 2328 commoretur,
1067 2243 1127 2334 qui

58 2445 83 2497 1.
92 2446 211 2504 Gallione
222 2450 355 2526 adoptatur
368 2465 423 2525 post
439 2451 565 2524 Caligulae
613 2466 696 2519 amat,
707 2473 754 2507 nec
764 2453 887 2523 impetro,
899 2465 928 2505 ut
938 2452 1064 2506 robustius
1075 2471 1082 2506 :
1093 2452 1126 2505 ad

58 2542 174 2579 ntorum
185 2528 264 2581 Junii
274 2530 368 2584 Annei
379 2529 505 2583 Gallionis
515 2551 566 2583 no·
614 2530 699 2584 omnia
713 2531 780 2584 mala
791 2549 847 2582 mea
858 2529 999 2583 collabitur.
1008 2530 1099 2582 fluat.

57 2621 110 2654 nea
121 2606 238 2678 accepit,
256 2606 298 2658 cni
308 2606 387 2660 libror
399 2606 432 2660 de
442 2609 485 2660 lra
497 2607 566 2660 etde
647 2614 670 2678 4.
680 2609 870 2682 Utmesortiur
878 2619 957 2660 omet.
967 2607 1070 2679 Optime
1081 2605 1126 2660 ha·

56 2681 109 2733 tia
114 2682 193 2736 Beata
203 2684 441 2757 adscriptitNorter.
453 2684 513 2738 Post
521 2705 565 2738 no·
613 2688 654 2740 bet
665 2706 671 2741 ι
682 2707 732 2742 neo
744 2688 881 2742 Pincianus
893 2700 937 2740 aut
946 2685 991 2739 alii
1003 2685 1127 2739 debebant

56 2759 94 2810 ari
104 2758 210 2816 Seneca
220 2777 331 2816 mortem
340 2763 440 2838 propria
451 2783 478 2817 ae
487 2784 566 2818 manu
614 2786 725 2821 movere.
736 2765 847 2819 Fortiter
858 2777 938 2832 amat,
955 2765 1000 2834 qni
1016 2785 1069 2818 non
1079 2763 1126 2818 in-

55 2835 187 2906 intrriecit,
201 2840 315 2894 Eusebio
328 2843 360 2895 ed
376 2862 437 2896 ann.
451 2842 501 2894 818
511 2862 567 2895 nar·
614 2845 714 2916 dulgct,
730 2843 775 2921 qui
790 2861 877 2896 cavero
895 2842 1007 2913 quodam
1022 2862 1124 2909 amore,

54 2927 117 2966 rante
127 2931 135 2965 ε
145 2918 179 2968 εί
189 2917 246 2970 Dio
256 2917 326 2971 Cane.
335 2917 380 2983 fia,
392 2921 433 2972 25.
445 2917 567 2972 Meminit
615 2933 644 2975 nt
656 2935 737 2995 patrea
749 2921 857 2985 liberor,
869 2934 898 2974 ut
910 2921 980 2974 Deua
990 2920 1073 2974 bonor
1083 2921 1125 2974 vi-

54 2990 103 3064 ejnr
111 2993 192 3048 Tacit.
204 2997 278 3046 Anu.
297 2998 345 3059 15,
360 2995 400 3066 73.
412 2999 457 3049 Au
472 2996 505 3048 rit
519 2995 564 3048 ille
612 3017 662 3052 roa.
671 3001 746 3068 Lipr.

55 3070 147 3134 Gallio,
163 3074 212 3144 qui
232 3077 319 3128 Actor.
339 3075 452 3149 Apostol.
472 3075 517 3138 18,
536 3093 563 3126 ta
638 3066 668 3130 ⁴5.
679 3078 719 3144 [A
731 3079 794 3145 me].
805 3075 888 3128 Verba
901 3095 917 3128 a
926 3076 996 3129 Mur.
1008 3075 1125 3145 adjecta,

55 3155 564 3229 mmmmmcmmffim
610 3156 744 3210 commode
763 3157 882 3228 quidem,
899 3156 943 3209 aed
961 3155 1048 3209 invitis
1065 3175 1123 3212 msa.

54 3231 200 3290 titudine
207 3234 334 3287 incertum
342 3246 387 3288 eat.
394 3233 520 3288 Caeterum
531 3235 562 3286 de
609 3233 691 3289 Scdw.

54 3329 124 3376 nore,
135 3325 222 3383 patrea
232 3325 306 3383 atque
316 3313 405 3364 nana
413 3311 562 3386 grandiores
643 3311 667 3365 6.
682 3311 773 3383 Quum
784 3313 850 3366 bono
859 3317 941 3368 vim...
953 3323 1059 3382 oportet.
1070 3315 1123 3369 Se-

54 3391 303 3461 utaperhonorem
318 3401 342 3441 et
357 3389 493 3442 blanditias
508 3391 561 3442 do-
611 3407 674 3442 neca
691 3389 722 3442 de
742 3389 854 3444 Benefic.
874 3391 899 3443 ll
910 3428 917 3455 ‚
944 3393 973 3444 18
998 3393 1122 3464 rapientes

54 3467 297 3542 m‘aosappellaudi,
308 3467 362 3540 egit
371 3467 502 3539 Lipainain
512 3469 562 3520 Ea·
610 3466 737 3537 quidquid
746 3481 844 3542 oportet
855 3467 934 3538 juvat,
942 3469 959 3522 i.
966 3491 988 3523 e·
998 3471 1123 3543 quidquid

53 3562 117 3596 curan
128 3548 160 3598 t).
171 3546 206 3598 ad
217 3546 300 3599 Taciti
309 3546 403 3598 Annal.
413 3547 447 3598 ll.
455 3546 544 3599 Ruth.
609 3557 780 3618 opportunum
791 3557 815 3598 et
824 3547 932 3617 εὔκαιρον
944 3560 987 3601 eat.
998 3549 1064 3602 Nam
1075 3550 1121 3604 ci·

81 3622 245 3691 eriphiam.
253 3625 274 3676 l.
282 3624 399 3677 avitam.
407 3624 451 3677 Sic
459 3623 560 3698 Philip·
609 3643 667 3676 cero
687 3623 723 3676 ita
742 3623 841 3676 videtur
859 3626 979 3693 reddere,
993 3629 1038 3680 nbi
1058 3629 1120 3684 Cato

53 3701 216 3766 pandicus
229 3701 294 3774 Regi
305 3701 451 3755 Aleuandro
464 3704 505 3755 Μ.
519 3722 559 3774 ep.
607 3699 706 3754 satem
714 3701 781 3775 apud
791 3721 848 3754 enm
859 3702 891 3755 do
900 3705 958 3756 Fin.
967 3705 1018 3770 lll,
1031 3707 1060 3760 18
1071 3707 1120 3760 dia·
1169 3763 1173 3772 ,

54 3775 114 3831 sort
124 3781 164 3832 lll
170 3820 179 3843 ‚
193 3780 227 3842 6,
242 3799 287 3844 ιο,
296 3779 350 3832 aitz
362 3802 376 3826 ι
385 3783 438 3834 ilex
447 3799 559 3855 ,semper
606 3779 681 3834 ecrit:
690 3783 745 3831 «At
753 3798 818 3852 torpe
825 3779 941 3834 officium
950 3783 1120 3856 catrapientit,

52 3857 144 3924 quidem
152 3858 257 3930 spiritua
267 3858 557 3931 meuaeatcpepeudit.»
607 3858 743 3912 duciecere
753 3878 766 3910 a
776 3860 842 3922 vita,
859 3879 937 3931 quum
952 3862 985 3914 ait
1000 3862 1120 3916 beatimi-

79 3955 101 3985 a.
115 3936 280 4007 Benfirium
293 3939 381 3988 atatis
393 3941 494 3989 omitto.
504 3937 560 3990 Co-
605 3955 679 4004 mua,
693 3937 716 3989 ai
731 3938 758 3990 id
771 3950 911 4011 opportune
922 3941 1003 3992 iacere
1015 3942 1118 4013 possit.»

51 4031 91 4082 gor
102 4027 129 4066 ut
138 4015 237 4081 multa,
250 4033 308 4085 qute
320 4032 438 4087 apernere
450 4013 557 4080 vellem,
607 4017 641 4069 Er
654 4017 741 4090 paullo
757 4031 815 4072 ante
832 4035 839 4068 =
853 4020 981 4072 allectam
995 4023 1118 4075 allectio-

51 4108 152 4143 meam.
607 4113 680 4158 nem,
693 4090 748 4148 eiv'c
759 4097 786 4147 vl
797 4096 932 4165 κατόρθωμα
942 4098 1016 4166 ponit
1026 4099 1052 4150 in
1065 4119 1117 4170 op-

76 4167 98 4218 3.
113 4170 216 4239 Itapue
228 4173 380 4240 qnoniam...
392 4190 488 4224 omem.
509 4171 558 4224 Ni·
607 4172 759 4243 portunitetc
773 4195 787 4219 υ
802 4175 854 4228 :aio
868 4173 936 4229 enirn
950 4176 1074 4250 appellare
1089 4195 1115 4230 ae

52 4244 92 4296 nir
107 4258 205 4302 umere
227 4260 253 4300 et
273 4247 435 4321 indulgenter
453 4248 499 4302 illa
516 4268 558 4303 me
606 4249 731 4318 simplet.
747 4249 821 4318 laps.
