2950 4934
361 481 392 549 E
414 482 595 553 LIBRIS
618 483 853 559 SENECAE.
1081 489 1148 582 457

93 615 125 679 in
135 612 276 682 minimis
289 632 426 706 qnoque
436 611 613 705 speculum
624 637 744 707 ponas.
754 617 840 684 Nam
856 614 933 683 talis
946 631 982 685 et
998 631 1066 686 tam
1079 619 1150 688 cir·

92 729 225 798 eumcisa
238 727 318 798 vilis
327 727 506 824 putabitur
519 729 712 823 integritas.
726 732 800 800 Hac
814 753 896 823 ergo
907 729 1150 804 mediocritatis

92 844 173 914 linea
184 847 426 917 continentiam
446 844 662 930 observabis,
677 862 717 916 ut
730 871 795 918 nac
810 848 976 942 voluptati
990 847 1148 937 deditus,

92 959 241 1057 prodigus
265 977 301 1032 et
322 961 514 1030 luxuriosus
538 983 725 1056 appareas,
756 983 946 1044 necavere
970 966 1151 1036 tenacitate

91 1072 253 1163 sordidos,
272 1093 332 1148 aot
347 1077 511 1149 obscuros
530 1079 663 1147 existas.

244 1267 427 1349 qusnrres’
441 1293 498 1338 err
518 1292 736 1335 anserinus
756 1292 926 1346 tusrrrrs,

130 1428 264 1500 lustitia
280 1445 451 1525 postremo
467 1455 508 1503 eo
523 1429 767 1502 mediocritatis
786 1430 849 1501 tibi
862 1432 988 1501 itinere
1003 1428 1155 1525 regenda

90 1557 152 1628 est,
165 1561 203 1614 ut
213 1570 280 1617 nee
295 1545 401 1617 ductu
415 1549 550 1643 Jupiter
561 1547 631 1617 levi
647 1547 713 1640 (al.
730 1547 816 1638 leni)
836 1549 1006 1618 immotam
1022 1571 1156 1645 semper

88 1661 183 1732 animi
201 1665 369 1734 tationem
384 1662 596 1763 negligentia
612 1661 852 1756 subsequatur.
872 1665 963 1736 Dum
982 1687 1095 1756 neque
1112 1660 1156 1732 de

89 1778 210 1868 magnis
235 1803 351 1873 neque
382 1780 426 1850 de
450 1781 598 1849 minimis
625 1781 814 1850 errantium
840 1780 932 1849 vitiis
959 1775 1156 1875 porrigendi

87 1911 195 1961 earam
210 1895 322 1988 geris,
343 1894 403 1963 sed
416 1917 530 1985 neque
543 1894 716 1965 licentiam
731 1893 919 1990 peccandi,
935 1911 994 1963 aut
1005 1891 1159 1963 alluden-

88 2003 171 2074 tibus
190 2008 256 2078 tihi
282 2006 433 2092 blande,
462 2026 522 2079 aut
539 2007 764 2080 illudentibus
780 2019 939 2106 proterve
962 2009 1158 2105 permittis,

87 2143 192 2213 neque
207 2148 330 2193 rursus
345 2126 450 2194 nimia
463 2123 638 2218 rigiditate
650 2141 686 2193 et
697 2127 902 2220 asperitate,
918 2124 967 2192 nil
981 2125 1089 2196 venie
1102 2141 1162 2193 aut

85 2235 285 2332 benignitati
300 2263 500 2322 reservans,
519 2241 678 2309 humanae
692 2241 846 2311 societati
860 2239 967 2310 durus
980 2231 1158 2335 appareas.

85 2351 134 2418 Ita
147 2375 231 2447 ergo
244 2355 386 2448 justitiae
399 2355 521 2450 regula
536 2355 685 2424 tenenda
697 2373 750 2424 est
758 2405 770 2442 ,
791 2372 830 2427 ut
843 2359 1035 2426 reverentia
1052 2352 1162 2428 discl-

85 2466 181 2558 plinta
202 2472 301 2564 ejus,
319 2495 433 2564 neque
458 2473 563 2541 nimia
580 2471 801 2566 negligentia
830 2474 1069 2544 communitate
1093 2471 1160 2542 de-

84 2599 194 2676 specta
208 2584 352 2666 vilescat
360 2637 373 2676 ,
382 2574 501 2682 ‘neque
514 2587 677 2657 severiori
689 2589 867 2657 atrocitate
881 2585 1065 2674 diuturna,
1082 2613 1160 2685 gra·

85 2699 162 2771 tiam
178 2703 342 2774 humanas
359 2703 576 2774 amabilitatis
595 2703 741 2772 amittat.

994 2845 997 2850 -
1110 2823 1121 2860 ι

374 2916 572 2960 coucnosro
592 2917 868 2968 araurssonuir.

127 3059 165 3127 Si
181 3061 265 3153 quis
275 3082 359 3153 ergo
372 3061 475 3129 vitam
494 3081 590 3127 snam
603 3035 649 3128 ad
666 3058 849 3128 utilitatem
868 3080 937 3126 non
955 3073 1086 3127 tantum
1099 3082 1159 3153 pa·

82 3173 165 3261 riat,
186 3175 254 3246 sed
266 3176 449 3245 multorum
469 3172 727 3269 inculpabiliter
745 3199 949 3269 componere
965 3173 1157 3259 desiderat,

82 3287 169 3360 banc
191 3291 434 3386 praedictarum
459 3293 625 3360 virtutum
649 3290 827 3359 formulam
851 3314 915 3387 pro
938 3289 1161 3388 ¹qualitatibus

83 3422 301 3501 temporum,
313 3407 464 3475 locorum
475 3455 485 3490 ,
496 3427 721 3500 personarum
734 3422 838 3499 atque
852 3429 1029 3476 causarum
1039 3429 1160 3499 sequa-

83 3537 149 3611 tur,
166 3547 211 3593 eo
226 3521 473 3594 mediocritatis
485 3523 669 3606 insistens,
687 3545 757 3615 quo
771 3546 836 3616 per
847 3522 993 3616 abrupta
1005 3523 1161 3592 altrinse-

82 3662 140 3706 cus
156 3641 377 3734 praecipitia,
405 3653 466 3708 aut
482 3653 637 3707 ruentem
652 3640 805 3734 corporis
823 3637 953 3710 devitet
969 3640 1156 3722 insaniam,

81 3773 139 3826 aut
153 3757 368 3829 efficientem
383 3759 504 3852 puniat
519 3755 702 3850 ignaviam.
