2950 4934
445 475 711 551 nrrsronn
736 483 840 551 xe1.
1135 489 1180 581 49

110 615 324 684 Sintutinam
341 609 528 692 diuturna,
548 627 584 678 et
606 610 805 680 melioribus
827 613 989 706 auspiciis
1009 616 1046 682 in
1070 639 1180 686 aevum
1209 624 1241 688 ¹4

111 734 239 826 longius
256 725 414 800 condite!
432 731 519 798 Nam
535 728 617 796 huic
630 727 772 798 coloniae
785 727 829 797 eb
844 731 978 824 origine
989 755 1051 802 sus
1065 751 1182 803 oente-

111 849 209 915 simus
231 869 343 914 annus
367 859 439 926 est,
466 857 546 912 aetns
572 865 617 910 ne
642 842 774 910 homini
801 843 938 935 quidem
961 862 1124 916 extremo.
1150 846 1181 917 A

110 963 249 1031 Planco'
270 960 439 1040 deducte,
459 961 497 1026 in
514 959 604 1026 hanc
620 957 868 1052 frequentiam,
890 960 955 1029 loci
976 966 1181 1057 opportuni-

110 1096 194 1162 tate,
209 1076 403 1161 convalui13
425 1099 500 1168 quae
517 1087 628 1144 tamen
648 1077 864 1168 gravissimos
876 1101 973 1148 cesus
993 1081 1083 1150 intra
1101 1105 1181 1177 spn-
1254 1111 1260 1118 ·

110 1199 190 1266 tium
210 1197 367 1264 bumanae
382 1191 526 1288 pertulit
543 1194 738 1265 senectutis.

155 1317 275 1407 Itaque
298 1313 463 1380 formetur
480 1311 612 1378 animus
626 1308 671 1378 ad
691 1309 902 1380 intellectum
916 1315 1182 1408 patientiamque

111 1431 207 1499 sortis
222 1451 311 1508 suae,
332 1440 367 1494 et
378 1427 463 1494 sciat
475 1422 563 1493 nibil
578 1425 732 1491 inausum
749 1447 822 1491 esse
837 1423 1001 1513 fortnnae3
1017 1426 1182 1502 adversus
1210 1435 1241 1488 ¹⁵

110 1549 250 1642 imperia
264 1543 357 1612 iilam
370 1541 460 1610 idem
474 1539 601 1608 babere
610 1540 713 1632 juris,
730 1539 824 1632 quod
835 1541 998 1612 adversus
1010 1545 1184 1639 imperan-

110 1681 177 1750 tes,
195 1661 361 1732 adversus
374 1657 478 1726 nrbes
491 1656 582 1724 idem
594 1678 706 1749 posse,
726 1654 821 1747 quod
835 1656 999 1727 adversus
1012 1658 1179 1732 homines.

110 1779 201 1847 Nihil
216 1778 341 1846 borum
355 1771 602 1868 indignandum
615 1785 667 1840 est
688 1798 695 1838 :
714 1771 751 1840 in
768 1796 846 1840 eum
866 1775 1066 1857 intravimus
1082 1802 1183 1846 mun-

111 1893 201 1976 dum,
213 1893 249 1961 in
265 1870 334 1984 qiro
348 1891 404 1958 bis
416 1888 696 1984 legibusvivitur.
708 1887 825 1957 Plscet
834 1891 849 1956 Ρ
859 1887 954 1982 pere!
968 1914 1038 1959 non
1049 1891 1185 1984 placet?

110 2032 322 2102 quacumque
333 2009 398 2090 vis,
416 2002 485 2076 oxi!
504 2003 703 2099 Indignere,
722 2003 852 2097 siquid
869 2006 953 2074 inte
971 2008 1079 2101 iniqui
1096 2033 1185 2103 pro-

108 2127 180 2220 prie
194 2127 415 2195 constitutum
434 2140 486 2192 est
500 2120 581 2190 :sed
599 2123 627 2189 si
643 2121 718 2190 brec
730 2143 877 2189 summos
894 2123 1049 2215 imosque
1064 2147 1184 2193 neces-

109 2244 185 2310 sitas
197 2239 335 2332 alligat,
351 2239 389 2306 in
400 2237 542 2332 gratim
557 2258 635 2304 cum
652 2235 720 2302 fsto
734 2249 909 2303 revertere
924 2285 933 2316 ,
952 2259 972 2302 a
987 2259 1055 2328 quo
1068 2238 1182 2306 omnia

108 2358 336 2426 resolvuntur.
355 2355 432 2421 Non
454 2348 616 2443 estquod
637 2372 698 2418 nos
721 2349 862 2417 tumulis
878 2351 1048 2433 metiaris,
1070 2369 1105 2420 et
1126 2353 1181 2422 his
1209 2353 1240 2411 ¹⁶

107 2471 364 2554 monumentis²,
376 2493 452 2562 quae
463 2469 551 2536 viam
564 2465 712 2560 disparia
723 2480 911 2559 proetexunt
919 2495 933 2554 ς
942 2481 1054 2559 aequat
1066 2491 1182 2538 omncs

106 2591 190 2658 cinis
210 2616 218 2656 ι
238 2590 387 2681 impares
404 2586 593 2667 nascimur,
613 2605 714 2674 peres
732 2581 910 2649 morimur.
936 2570 1031 2650 Idem
1053 2581 1097 2652 de
1122 2605 1182 2651 ur-

106 2849 164 2910 puto
173 2833 297 2908 quie'din
310 2851 364 2886 non
373 2833 463 2888 fueret.
471 2831 509 2884 Ex
518 2829 616 2904 ceptivo
665 2837 756 2901 effert,
768 2837 814 2890 sed
828 2833 915 2891 rhetor
925 2851 950 2891 ct
960 2836 1096 2894 historiens
1108 2839 1182 2914 ejus-

107 2935 215 2986 roqnns,
228 2933 259 2967 ex
268 2932 349 2985 eoquo
360 2909 518 2974 lecticarius,
529 2928 559 2961 ex
568 2907 618 2961 lee-
666 2915 724 2968 dem
732 2916 826 2981 aretis,
836 2915 990 2969 Alemdrh
1004 2930 1080 2970 orm.
1091 2920 1183 2972 mk.

106 2993 191 3046 surio
208 3011 291 3062 nsque
309 2989 341 3042 ed
357 2989 496 3042 emieitiern
511 2987 617 3042 Cereris
701 3007 723 3044 t.
740 2993 769 3044 A
780 2991 888 3045 Planco.
905 2993 1019 3045 stacio
1030 2994 1128 3046 Plsnco
1138 2996 1182 3047 de-

106 3069 175 3133 felix.
191 3088 275 3140 nsque
289 3088 321 3121 eo
337 3079 472 3137 utramque
489 3066 617 3118 sortitum
666 3069 755 3122 ductos
762 3069 936 3136 Viennenses,
951 3071 996 3141 qni
1010 3071 1043 3124 eb
1057 3071 1182 3125 Allobro-

105 3147 271 3222 contempsit,
283 3159 308 3199 et
318 3146 346 3198 in
356 3165 408 3216 qus
419 3157 484 3208 eret,
498 3155 523 3196 et
532 3143 560 3196 in
568 3162 619 3214 que
667 3145 742 3219 gibus
752 3146 785 3199 erl
792 3147 914 3200 Rbodeni
923 3160 947 3200 et
957 3148 1042 3201 Δηώ
1053 3149 1182 3204 confluen-

104 3228 199 3295 iuera,
213 3239 243 3280 nt
255 3245 333 3297 quum
350 3224 390 3278 illi
407 3224 492 3278 multis
508 3225 541 3278 de
556 3244 619 3278 ten·
667 3225 728 3277 tiem
740 3225 916 3297 consederent,
928 3246 950 3278 a.
963 3225 995 3278 U.
1006 3246 1027 3279 c.
1040 3241 1181 3296 pirnarret
1230 3229 1234 3234 ’

104 3306 134 3358 ris
147 3307 228 3358 intus
243 3303 330 3358 Cesar
343 3303 511 3357 interdixisset
526 3297 619 3366 domo,
667 3302 721 3355 Dio
736 3302 806 3372 Coss.
822 3302 872 3368 46,
890 3305 933 3354 50.
945 3305 1013 3356 Nero
1025 3301 1180 3374 Lugdunum

104 3383 266 3436 combureret
281 3380 397 3434 historias
418 3399 503 3433 rerum
521 3378 554 3432 eb
573 3377 619 3430 illo
668 3379 734 3435 benc
745 3377 843 3432 cladem
853 3398 953 3453 pessum
964 3381 1061 3448 edjnvit
1070 3382 1181 3451 quadre-

105 3473 249 3532 μεως
264 3457 335 3529 qussi
352 3469 377 3511 et
391 3457 444 3530 ipse
458 3457 497 3511 itti
513 3455 618 3530 ingenio
666 3459 720 3531 gies
732 3458 857 3522 sestertio,
867 3460 1081 3528 circiter815,1tib
1092 3463 1124 3514 ir.
1135 3483 1182 3516 no·

104 3557 147 3590 tuo
167 3535 350 3598 interdiceret,
371 3535 476 3588 disertus
498 3534 576 3589 bomo
594 3545 619 3587 ct
666 3550 723 3592 strte
736 3550 855 3592 monettc.
869 3537 945 3590 cont.
957 3538 1037 3591 Tacit
1051 3542 1119 3591 Anu.
1135 3539 1180 3593 lib.

104 3615 188 3678 tim,
200 3633 214 3666 s
225 3632 278 3684 quo
289 3611 370 3664 muita
381 3611 510 3684 improbe,
522 3612 565 3664 sed
576 3631 619 3663 ve·
669 3615 752 3676 XVI,
764 3636 821 3688 erp.
833 3615 972 3670 13.Rn}rk.

104 3707 175 3745 noste
199 3690 276 3744 dieta.
295 3711 310 3737 s
333 3689 493 3743 controvers.
517 3687 562 3741 lib.
582 3689 619 3742 V.
701 3694 1181 3763 2.Nonesrquodnoseumutisme-

105 3771 229 3823 (botros.
252 3768 303 3834 34,
325 3767 392 3820 circe
418 3765 464 3820 bn.
486 3786 542 3839 pag·
561 3765 618 3836 39²·
668 3774 752 3834 tiaris,
771 3782 797 3824 et
813 3772 855 3824 bis
865 3773 1048 3825 monumentis.
1061 3772 1181 3843 Spectant

104 3849 177 3901 Tom.
190 3848 238 3900 tlt.
251 3846 312 3899 edit.
322 3845 416 3899 verior.
426 3847 505 3900 -De
518 3845 618 3898 bocTi·
667 3849 722 3906 buc
741 3851 773 3902 ed
790 3849 923 3922 sepulcre,
942 3849 1052 3920 ideoque
1067 3851 1099 3904 ed
1118 3871 1181 3904 nro-

105 3945 230 3999 negene,
243 3924 313 3976 coni.
328 3922 362 3974 ed
376 3923 413 3974 lli
426 3923 457 3974 dc
474 3925 514 3976 ire
531 3920 619 3987 23,⁴3.
668 3940 791 3980 numento
807 3947 866 3980 cum
887 3926 1093 4000 inscriptionibus
1112 3929 1181 4000 juxta

104 4022 156 4072 sqq.
167 4013 222 4054 not.
239 4001 306 4053 Non
322 3999 365 4052 hit
381 3999 535 4071 Timtgenet
551 3999 619 4052 idem
669 4005 736 4059 viem
750 4005 876 4076 publicem
889 4017 982 4068 erecte,
997 4017 1022 4058 et
1034 4025 1079 4077 pro
1091 4007 1181 4077 cnjus*

105 4081 177 4132 fnisse
189 4080 295 4132 videtur
307 4097 336 4130 ao
348 4077 405 4141 iile,
420 4099 495 4148 quero
510 4078 619 4148 Quintil.
669 4105 718 4155 que
737 4085 837 4137 fortune
858 4103 970 4157 magne,
989 4104 1083 4157 pem,
1105 4096 1180 4155 etque

106 4159 209 4212 [mter.
217 4157 260 4222 K,
273 4159 342 4222 1,75
354 4170 409 4227 post
415 4156 569 4210 Cliterebum
579 4177 619 4210 re·
670 4164 733 4217 adeo
741 4162 934 4234 disperieNunc
942 4176 1180 4236 peressnntomnes,

103 4249 202 4306 censet,
213 4247 241 4287 et
255 4256 285 4288 er
296 4254 349 4305 quo
360 4233 388 4300 l,
410 4253 448 4300 ro,
464 4254 493 4288 ro
504 4235 621 4303 quedem
671 4259 779 4310 quorum
795 4238 903 4313 disparis
913 4241 1035 4307 sepulcre.
1047 4241 1137 4294 uuor.

276 4333 339 4400 iv.
1004 4336 1026 4420 4
