2950 4934
282 420 346 491 360
568 418 1069 489 L.aNNAE1sttNEcAE

280 546 511 641 voluptatem,
534 547 687 618 infantia
704 546 832 635 donna3
851 562 892 615 ut
909 545 1013 615 inde¹
1033 542 1176 641 inoiqiiat
1191 568 1357 632 manans,

239 668 256 721 8
281 687 350 757 quo
363 664 752 737 consummatuehomo'
765 664 938 758 pervenit.
955 664 1128 734 Cacumen
1144 661 1273 733 radioia
1285 662 1360 733 looo

280 782 393 875 ponis.
411 782 540 875 Siquis
557 780 706 865 diceret,
724 781 875 852 illumin
890 796 1046 851 materno
1061 797 1160 849 utero
1176 781 1358 869 latentem,

281 920 382 966 sexus
398 921 536 991 qnoque
552 892 711 981 incerti³,
726 914 903 979 tenerum,
923 911 959 966 et
975 896 1232 992 imperfectum,
1252 914 1288 965 et
1302 897 1361 965 in-

282 1014 438 1101 formem,
447 1014 518 1107 jam
530 1016 567 1083 in
575 1014 691 1108 aliquo
703 1014 795 1083 bono
807 1038 881 1083 esan
892 1043 903 1102 3
914 1029 1033 1108 aperte
1044 993 1358 1083 videreturarrare.

281 1132 387 1225 Atqui
407 1133 611 1225 quantulum
631 1135 775 1203 intereat
791 1134 883 1201 inter
902 1156 997 1213 eum,
1019 1133 1081 1225 qui
1098 1156 1204 1224 quum
1216 1130 1362 1199 maxime

280 1247 384 1315 vitam
403 1247 554 1340 accipit,
580 1240 759 1329 utillum,
782 1248 843 1340 qui
864 1262 1096 1319 maternorum
1118 1247 1289 1317 viseerum
1310 1244 1364 1312 la·

280 1379 356 1433 tens
369 1388 455 1437 onua
474 1379 526 1432 aet
539 1360 581 1433 ⁴?
600 1366 755 1457 Uterque
773 1414 783 1445 ‚
805 1379 969 1456 quantum
987 1364 1033 1435 ad
1049 1362 1260 1433 intellectum
1279 1358 1363 1429 boni

279 1505 321 1550 ao
342 1481 444 1567 mali,
467 1505 564 1575 aeque
587 1495 741 1551 maturus
763 1496 833 1566 θεῖς
857 1497 975 1551 etnon
993 1480 1102 1575 magia
1122 1479 1236 1549 infans
1247 1477 1365 1547 adhue
1419 1488 1426 1495 '

279 1596 362 1666 boni
377 1622 483 1691 capax
496 1612 546 1667 eat
553 1649 565 1683 ‚
584 1622 685 1691 quam
700 1596 822 1681 arbor,
839 1611 900 1665 aut
913 1613 1044 1666 mutum
1061 1593 1202 1687 aliquod
1217 1592 1360 1662 animal.

241 1736 259 1787 9
281 1715 400 1808 Quare
413 1732 525 1788 autem
542 1716 671 1787 bonum
685 1718 723 1785 in
735 1715 861 1785 arbore
874 1714 1083 1807 animalique
1096 1729 1191 1783 muto
1205 1737 1276 1781 non
1288 1712 1365 1780 aet?

281 1834 364 1926 quia
381 1856 446 1903 nec
463 1834 564 1902 ratio.
589 1832 644 1901 Ob
661 1832 727 1902 hoo
747 1834 785 1901 in
801 1830 933 1905 infante
951 1855 1089 1925 quoque
1106 1855 1178 1903 non
1193 1844 1268 1916 eat3
1286 1852 1366 1897 nans

281 1966 315 2019 et
331 1949 415 2021 huic
430 1944 560 2019 deeat⁵.
582 1951 684 2022 Tuno
698 1948 744 2019 ad
758 1950 885 2021 bonum
903 1950 1100 2043 perveniet,
1121 1972 1227 2041 quum
1243 1945 1292 2015 ad
1309 1968 1366 2015 ra-

280 2068 409 2137 tionem
426 2070 635 2162 pervenerit.

331 2186 392 2251 Eat
411 2183 552 2276 aliquod
574 2185 774 2255 irrationale
799 2184 945 2271 animal3
973 2201 1025 2255 eet
1043 2181 1185 2277 aliquod
1209 2182 1367 2253 nondum

282 2300 466 2384 rationale,
481 2316 533 2369 eat
543 2302 709 2371 rationale
721 2332 730 2389 ς
742 2300 1060 2397 sodimperfecturn.
1078 2302 1118 2370 ln
1130 2301 1227 2371 nullo
1239 2300 1367 2371 horum

284 2546 424 2601 adnotavit.
442 2546 596 2621 scripturam
616 2548 687 2603 istarn
701 2549 799 2621 primus
847 2547 876 2601 ln
885 2544 1365 2620 ms.e.seripto'nrluiaaeolinsvidetur,

285 2622 508 2679 commendaverat
529 2625 683 2693 Pincianus,
705 2638 730 2679 et
745 2637 806 2699 post·
848 2626 894 2679 nlsi
906 2644 976 2679 nune
992 2628 1107 2678 munais
1116 2624 1219 2695 legitur.
1231 2622 1364 2683 Hunror.

285 2702 386 2755 Erasini
398 2701 495 2755 obitum
503 2704 606 2760 deinum
617 2704 645 2758 in
654 2716 800 2757 contextum
848 2705 922 2777 quod
939 2726 970 2759 ea
988 2704 1039 2758 levi
1059 2704 1202 2776 conjectura
1225 2702 1366 2777 proieeerat

286 2793 385 2854 recepta
398 2779 533 2835 carseta.
850 2780 1367 2859 Gronovina.arripnitllull·et8eneoe

256 2886 260 2895 ·
322 2860 800 2926 1.Utr'nde‚ao.esurnrnobono.ll.
851 2861 965 2916 obtrusit.
976 2858 1173 2914 S.-Palatini
1188 2857 1265 2912 rodd-
1282 2876 1368 2911 um

321 2958 345 2989 a.
359 2938 654 3007 consummaturam,
662 2938 680 2991 i.
688 2937 801 3012 uniens,
849 2949 903 3002 est,
915 2941 1062 3004 imumm,
1074 2940 1172 2991 vannis
1182 2932 1368 2989 ese-tectio·

287 3018 382 3071 beatus.
394 3018 485 3073 ltubt.
849 3036 909 3071 aem
925 3035 998 3069 suasu
1019 3020 1106 3069 latens
1123 3014 1218 3067 tum
1233 3023 1277 3066 eet
1294 3012 1367 3065 Gro-

320 3096 344 3149 3.
356 3098 462 3150 Incerti.
474 3096 519 3150 Sir
528 3096 626 3149 Erasini
637 3096 676 3151 ed.
685 3097 738 3161 Ill,
748 3116 800 3150 nna
848 3094 941 3149 novius
951 3114 966 3147 a
976 3090 1124 3164 Bulilopfio
1135 3092 1227 3146 citatus
1236 3090 1274 3144 sie
1286 3088 1367 3164 expli·

288 3194 347 3227 euru
360 3174 588 3243 editioueantiqna
599 3174 706 3249 :probat
718 3174 800 3228 Gron.
850 3187 891 3229 eat
902 3193 909 3229 e
921 3174 979 3228 lloe
997 3174 1066 3226 enirn
1083 3172 1199 3240 (humor)
1207 3169 1365 3243 prineipinrn

288 3252 333 3323 qui
355 3266 379 3305 et
397 3256 520 3306 latentem
539 3272 568 3306 ea
586 3252 707 3306 omnibus
726 3252 801 3306 codd.
849 3252 958 3312 humani
977 3250 1098 3324 eorporis.
1119 3250 1287 3323 Hippocrates
1309 3250 1366 3318 arel

289 3330 401 3404 praetulit
411 3333 443 3404 τῷ
453 3335 580 3398 jacentem
593 3332 702 3385 Erasini¹
714 3331 803 3387 Varil-
851 3332 942 3402 ederae
952 3331 1087 3400 anapauo-
1100 3330 1137 3384 't'l
1147 3330 1174 3382 dl
1185 3332 1253 3396 σὸμ
1266 3335 1310 3382 τοῦ
1320 3332 1366 3381 lo·

293 3410 347 3462 lant
359 3410 432 3462 codd.
449 3408 515 3463 inter
528 3413 656 3477 inceptum
667 3423 692 3462 et
702 3412 803 3480 incepti·
852 3413 949 3481 ledaea
959 3411 1009 3479 ἴχιι
1021 3410 1047 3463 la
1059 3410 1139 3481 ἒυῦπῖ
1145 3405 1205 3477 alpe
1215 3409 1252 3461 ael
1265 3410 1364 3477 ‚lim

290 3490 407 3545 Muretus
418 3507 446 3544 ea
457 3486 594 3541 Erasinieae
605 3487 724 3541 editionis
737 3506 781 3541 ora
794 3508 801 3539 :
852 3491 890 3543 ael
903 3489 980 3559 χολὴν
992 3488 1090 3551 drea-le,
1101 3489 1173 3549 lyras
1189 3485 1276 3546 tadi·
1286 3507 1311 3537 er
1326 3486 1366 3537 ael

292 3573 427 3639 inceptum.
438 3569 528 3621 Ruta.
852 3561 1367 3638 nurus-utnotlmetdmlelne

324 3650 348 3715 l.
361 3648 544 3702 Maremomm
566 3650 694 3701 uiscerum
716 3649 802 3700 tatem
851 3654 894 3699 τοῦ
913 3648 1027 3713 adunare.
1049 3641 1224 3698 Tertullianus
1239 3642 1273 3694 de
1289 3659 1367 3694 earne

290 3747 356 3782 onus
363 3737 409 3779 est.
415 3726 458 3779 Sic
463 3725 658 3799 percommode,
668 3736 726 3777 etex
736 3736 803 3776 certe
853 3723 948 3779 Christi
955 3740 962 3774 :
969 3744 983 3768 α
991 3722 1096 3787 Perora,
1104 3739 1162 3793 age,
1170 3719 1223 3792 jana
1234 3717 1367 3793 spurcitias

293 3812 339 3876 (ut
350 3806 415 3859 mihi
427 3806 545 3870 videtur)
564 3805 709 3875 conjectura
723 3803 805 3856 edidit
853 3800 1005 3876 genitalium
1026 3800 1054 3853 in
1079 3810 1152 3850 utero
1180 3797 1367 3849 elementorum

291 3886 418 3939 Erasmus.
429 3883 556 3951 Mendose
570 3902 638 3935 umas
650 3902 697 3933 ms.
709 3901 735 3933 a.
746 3880 804 3932 Me·-
853 3878 967 3934 humoris
980 3889 1006 3929 et
1016 3874 1147 3947 sangrrinis
1160 3876 1245 3941 ‚loeda
1258 3872 1367 3946 coagula

291 3981 342 4016 nus
355 3962 394 4015 ed.
404 3961 438 4013 lt
453 3961 534 4015 Ymr'r
547 3962 584 4013 al.
594 3962 711 4014 cavernis
723 3977 770 4010 ms.
782 3978 803 4011 c.
853 3956 935 4011 earnis
947 3952 1370 4026 eaeodemooenoaleudeperno·

292 4040 362 4093 Imis
373 4042 444 4092 altiss
452 4044 548 4094 vermis
561 4038 645 4092 edd.
655 4038 688 4090 Et
698 4040 803 4102 umis,
853 4056 911 4088 vern
922 4054 1056 4091 menaea.»
1073 4032 1183 4086 Gronov.

293 4116 362 4187 quod
370 4116 398 4169 in
410 4136 513 4170 suorum
524 4116 656 4171 nonnullis
666 4128 803 4188 repererat,
887 4118 911 4168 5.
923 4117 999 4169 Nom
1011 4125 1036 4167 et
1045 4114 1104 4167 hur'e
1116 4112 1196 4176 deest,
1206 4112 1224 4165 i.
1236 4131 1259 4163 e.
1268 4110 1372 4181 imper-

293 4195 367 4247 uu'ire
377 4194 491 4269 probavit
499 4194 637 4263 Gruterus,
649 4194 716 4247 etsie
728 4194 804 4247 etiarn
854 4195 919 4247 [ecta
931 4205 968 4245 est
979 4210 986 4246 :
996 4204 1025 4243 nt
1035 4190 1166 4264 aequantia
1177 4190 1277 4244 dorent.
1289 4190 1327 4243 11.
