2950 4934
408 444 681 517 EPISTOLA
705 442 895 515 cxxiv.
1126 442 1190 511 aot
1291 424 1292 427 ‘

109 576 245 663 bonum
264 604 273 645 ι
297 578 386 647 ratio
409 575 497 647 illud
514 601 629 647 aecum
646 576 759 647 affert.
778 573 876 669 Quid
897 594 982 669 ergo
1000 573 1091 643 inter
1108 574 1191 656 iata,

109 720 187 789 quae
213 694 336 779 retuli,
360 694 488 767 dietat?
505 696 548 763 In
568 718 631 777 eo,
654 690 748 788 qarod
769 692 969 762 irrationale
986 705 1038 761 eat
1053 697 1080 775 ¹,
1101 715 1195 759 nun-

112 835 217 903 quam
239 812 308 883 erit
329 810 459 881 bonum
488 837 497 879 ι
519 813 556 880 in
577 834 618 881 eo
644 808 737 905 quod
752 804 905 879 nondum
924 806 1090 877 rationale
1114 820 1191 891 eat,
1221 828 1255 869 to
1310 805 1312 808 ’

110 945 196 997 tunc
209 951 283 997 eaac
296 927 424 997 bonum
441 952 511 997 non
525 944 637 1023 poteat
654 954 663 996 ι
681 929 718 999 iu
731 950 773 997 eo
789 975 801 1010 ‚
821 925 915 1020 quod
928 924 1093 995 rationale
1106 927 1191 1009 ἐπ,

112 1045 177 1117 aed
195 1045 454 1139 imperfectum,
470 1048 542 1138 jam
559 1060 671 1141 potent
689 1068 764 1115 eaae
782 1043 932 1127 bouum,
953 1041 1015 1112 aed
1034 1064 1104 1110 non
1126 1054 1191 1109 est.

111 1163 165 1233 lta
183 1160 281 1245 dico,
301 1161 414 1230 Lucili
436 1187 443 1228 :
462 1164 595 1230 Bonum
613 1184 684 1230 non
703 1161 742 1229 iu
760 1159 916 1254 quolibet
934 1182 1104 1253 corpore,
1123 1180 1195 1225 non

111 1279 151 1345 in
170 1276 325 1371 qualibet
337 1292 436 1345 aetate
452 1277 628 1347 invenitur
641 1306 650 1363 ς
667 1292 701 1347 et
714 1292 846 1345 tantum
859 1276 957 1345 abeat
970 1274 1017 1343 ab
1033 1273 1192 1356 infantia,

112 1409 281 1487 quantiam
292 1418 313 1463 a
324 1395 437 1487 primo
446 1393 621 1477 ultimum,
638 1410 804 1487 quantum
816 1393 862 1464 ah
871 1393 970 1461 initio
984 1391 1192 1484 perlectam:

113 1535 199 1605 ergo
220 1534 287 1581 nac
306 1513 344 1579 in
363 1526 511 1595 tenero,
533 1509 634 1581 modo
651 1512 862 1585 coalescente
877 1560 888 1594 ,
907 1506 1111 1604 corpusculo
1127 1521 1191 1576 eat.

113 1628 250 1721 Quidni
267 1650 336 1696 non
351 1630 420 1697 ait?
435 1652 506 1697 non
523 1630 632 1720 magia
649 1652 752 1721 quam
771 1629 809 1697 in
830 1629 975 1699 nemine.
997 1629 1071 1696 Hoc
1087 1627 1116 1695 ti
1139 1623 1196 1693 di·
1224 1651 1252 1687 u

114 1737 193 1815 caa'
216 1771 224 1810 :
250 1743 423 1837 «aliquod
441 1742 575 1813 arboria
592 1767 633 1812 ac
650 1745 713 1813 aati
732 1743 861 1813 bonum
879 1744 1038 1812 novimus
1056 1768 1065 1809 ι
1085 1768 1102 1806 n
1128 1739 1197 1811 hoc

114 1883 187 1931 non
204 1876 257 1929 eat
273 1862 310 1929 in
327 1862 440 1955 prima
458 1856 600 1943 fronde,
620 1884 697 1953 quae
716 1862 840 1935 emissa
856 1883 962 1951 quum
980 1859 1124 1927 maxime
1140 1880 1198 1925 ao-

115 1975 187 2043 lum
195 1975 335 2069 rumpit.
345 1978 405 2044 Eat
417 1974 557 2068 aliquod
570 1974 698 2049 bonum
709 1975 815 2043 tritici
827 2000 837 2041 ι
848 1974 917 2042 hoc
929 1972 1083 2041 nondum
1095 1987 1148 2039 eat
1159 1972 1196 2039 in

114 2090 229 2161 herb'a
239 2091 387 2161 lactente
396 2084 424 2180 ⁴,
436 2116 502 2161 nec
518 2116 623 2184 quum
641 2090 795 2161 folliculo
808 2114 846 2159 ae
862 2090 990 2160 exterit
1006 2090 1101 2184 apice
1113 2087 1197 2157 mol·

115 2207 160 2275 lia
173 2235 184 2293 3
199 2205 261 2279 aed
272 2232 378 2300 quum
393 2206 602 2275 frumentum
612 2221 710 2275 aaut
723 2221 760 2275 et
771 2204 888 2275 debita
904 2205 1081 2275 maturitas
1093 2205 1193 2274 coxit.

115 2319 415 2416 Quemadmodum
427 2322 537 2391 omnia
547 2336 670 2391 natura
682 2321 812 2399 bonum
822 2344 945 2403 auum,
963 2320 1030 2389 niti
1044 2344 1198 2390 coneum·
1225 2344 1274 2404 12,¹

115 2452 227 2521 mata,
244 2461 315 2506 non
326 2436 476 2531 profert:
491 2438 538 2505 ita
547 2436 696 2506 hominia
707 2437 838 2506 bonum
850 2460 921 2505 non
933 2451 986 2505 eat
998 2438 1036 2504 in
1046 2437 1197 2521 homine,

115 2556 187 2630 nisi
202 2580 308 2648 quum
330 2553 383 2622 illi
406 2555 492 2623 ratio
514 2554 665 2649 perlecta
682 2546 769 2626 eat⁵.
790 2549 894 2646 Quod
915 2566 1029 2620 autem
1047 2552 1115 2644 hoe
1130 2553 1200 2622 bo-

116 2698 204 2747 uum
215 2664 229 2709 ⁶
241 2674 257 2743 t
268 2672 387 2742 Dicam
406 2697 414 2738 :
431 2670 521 2741 liber
537 2672 720 2741 animaret
739 2672 909 2754 creaturi,
927 2670 994 2738 alia
1012 2667 1198 2763 subjicient

151 2908 176 2943 ι.
187 2889 226 2943 In
241 2908 273 2945 ea
283 2890 357 2960 quod
362 2892 516 2945 irrationale
526 2900 633 2957 ett,ete.
681 2892 847 2955 sutilem,
859 2891 965 2945 koenon
974 2900 1023 2956 est,
1036 2897 1086 2944 ete.
1097 2891 1195 2945 exMa·

119 2966 166 3021 sie
185 2987 213 3019 a.
225 2987 248 3022 c.
263 2970 299 3023 A.
313 2968 400 3041 Vulgo
418 2969 536 3032 inverte,
552 2968 635 3022 Nun-
682 2970 730 3023 reti
742 2969 796 3042 ing·
808 2968 1035 3024 Sele-semus
1049 2970 1087 3024 :si
1098 2968 1197 3041 aliquid

118 3064 206 3115 quam
216 3047 266 3099 ml
274 3046 370 3099 bonum
381 3048 410 3098 in
421 3066 465 3111 eo,
478 3059 524 3100 eto.
535 3047 636 3120 Perpe-
683 3047 748 3101 boni
760 3049 834 3103 arbor
846 3047 938 3113 habet,
952 3068 1009 3101 non
1022 3047 1087 3101 illud
1098 3047 1197 3104 buum

116 3144 175 3177 ram
187 3123 269 3176 eali.
276 3124 337 3177 Non
345 3128 418 3194 quod
426 3129 476 3179 erit
483 3126 590 3179 houm.
685 3127 830 3182 continetur
842 3128 869 3180 in
881 3128 963 3202 prima
975 3128 1075 3181 fronde.

152 3203 226 3257 n.1n
235 3221 265 3255 eo
275 3204 348 3271 quod
363 3206 492 3257 rationale
508 3214 565 3271 est,
588 3204 638 3256 sed
716 3206 741 3271 l.
750 3208 796 3260 ἰΙιι
806 3208 887 3261 herbo
901 3212 1011 3262 mule
1025 3219 1088 3261 ceta
1105 3208 1196 3277 conje-

115 3279 309 3350 t'mptrsectum.
317 3279 406 3355 Vulgo
415 3280 495 3348 nude,
504 3283 636 3352 ιἰιιίιιμιι·Ι
684 3297 754 3338 ctura
765 3285 897 3351 Pinciani‚
916 3297 945 3339 ut
957 3285 1046 3338 eodem
1062 3285 1142 3339 modo
1154 3286 1198 3339 laia

107 3362 201 3433 secto,
219 3358 281 3413 inde
297 3380 312 3413 a
330 3360 431 3414 Murato
451 3380 539 3415 cumr.
557 3363 594 3413 A.
611 3372 636 3415 et
685 3363 1001 3425 dictampnum,
1015 3384 1067 3436 quo
1085 3364 1197 3438 Virgilio

116 3437 194 3491 Pina.
211 3440 296 3505 node,
312 3440 361 3491 sed
378 3440 545 3512 iupefictum
558 3439 636 3493 dabat
683 3441 803 3495 lactentia
824 3443 952 3495 frumenta
973 3440 1069 3516 Georg.
1088 3444 1116 3506 1,
1139 3442 1198 3496 315.

115 3538 167 3571 rut.
178 3538 207 3571 a.
225 3530 259 3570 et.
273 3518 309 3571 1t.
323 3518 421 3591 Nempe
438 3520 466 3572 in
483 3518 525 3573 his
541 3532 635 3573 temere
684 3521 748 3574 Mn.
761 3520 835 3575 codd.
851 3534 877 3573 et
896 3521 955 3574 edd.
974 3533 1026 3575 ant.
1039 3520 1135 3573 habent
1150 3522 1198 3572 la-

116 3596 216 3649 omim
224 3608 296 3650 erant
303 3597 387 3666 priora
394 3597 485 3663 verba,
494 3600 521 3651 in
530 3600 639 3669 eoquod
684 3608 751 3653 leole
762 3618 846 3653 :unua
853 3599 904 3674 pal.
914 3603 943 3653 ln
954 3611 1023 3654 terra
1031 3604 1153 3654 luctam.
1161 3600 1199 3653 R.
1274 3608 1277 3614 ’

117 3678 253 3728 mimante
267 3686 322 3743 est,
339 3694 397 3746 que
409 3676 508 3750 integra
528 3677 638 3729 servavit
718 3680 742 3729 5.
762 3678 854 3749 Quum
872 3680 917 3732 itti
934 3683 1003 3731 ratio
1017 3676 1133 3749 perfecta
1150 3688 1199 3733 est.

117 3752 181 3811 eod.
195 3752 251 3806 Pal.
262 3764 317 3805 tert.
329 3753 357 3805 in
369 3772 420 3825 quo
431 3752 508 3807 etiam
521 3774 637 3807 eommo-
685 3756 737 3810 1112·
741 3756 812 3809 dedit
821 3775 869 3809 ma.
875 3775 897 3808 c.
903 3776 961 3809 cum
968 3755 1051 3810 etit
1061 3756 1199 3823 Perpetem

117 3830 183 3883 dina
201 3829 351 3905 transposita
363 3831 440 3884 verba
452 3832 481 3885 in
498 3832 569 3885 hunc
582 3852 637 3885 mo·
685 3837 826 3890 illamaa.
835 3848 860 3887 ct
869 3834 909 3888 ed.
918 3837 954 3888 A.
965 3834 1051 3905 Vulgo
1063 3837 1092 3887 in
1103 3837 1158 3888 illo.
1166 3834 1198 3887 S.

114 3912 183 3974 duan
196 3948 204 3976 ,
219 3915 249 3965 in
260 3930 290 3963 eo
302 3913 375 3981 quod
383 3923 424 3965 est
433 3914 570 3966 rationale.
582 3911 612 3966 S·
718 3915 744 3970 (i.
764 3917 846 3988 Quod
858 3926 948 3969 antem
962 3917 1009 3969 hoc
1021 3917 1117 3969 boam
1126 3918 1144 3972 ἓ
1154 3916 1198 3970 sie

153 3991 179 4043 3.
192 3990 253 4045 Hae
270 3995 295 4045 si
305 3994 396 4057 dicas,
414 3995 525 4064 aliquod
534 3996 637 4050 arboris
685 4015 713 4050 a.
723 4013 745 4048 c.
757 3996 794 4049 Β.
804 3996 841 4047 A.
851 3994 938 4067 Vulgo
948 3998 985 4047 sit
994 3995 1122 4056 inserunt,
1131 3994 1199 4047 arri-

112 4073 220 4129 atrati
226 4070 457 4123 bonumnove'mus.
466 4072 510 4125 Sic
519 4070 580 4125 libri
588 4092 636 4125 no·
686 4074 801 4144 buntque
814 4072 1197 4144 Quodautemltocritbouum,

113 4148 169 4207 atri
186 4168 246 4200 eum
260 4147 333 4201 Pinc.
351 4161 375 4201 et
390 4150 462 4203 (irat.
480 4150 565 4225 Vulgo
579 4152 636 4205 edd.
686 4154 785 4204 dicam.
797 4149 879 4205 θεὸν.

117 4225 177 4295 (lt,
200 4229 227 4281 si
243 4228 318 4285 debas
342 4232 455 4297 aliquod
472 4230 573 4285 arboris
587 4242 637 4283 aa!
719 4252 742 4303 7.
754 4230 837 4285 Liber
845 4238 952 4287 anum:
963 4242 1093 4288 cremon
1107 4230 1198 4306 scripti
