2950 4934
485 465 781 537 entsrosss.
1091 469 1157 566 4„

95 607 217 672 offensa
229 654 238 686 ,
252 626 317 672 nec
329 600 462 679 oberit,
476 599 504 664 si
523 597 813 690 perseveraverit,
831 617 941 688 neque
959 599 988 664 si
1008 603 1152 682 nonsit,
1208 627 1218 642 ¹

93 717 254 809 proderit.
270 718 307 786 si
321 728 373 781 est
384 711 524 802 regina,
541 734 610 778 non
623 707 877 802 indignabitur,
895 709 923 778 si
943 710 1066 782 mulier
1078 729 1153 799 est,

92 832 295 900 offendetur.
312 831 405 896 Bene
416 824 505 892 vale.

348 1001 409 1062 IX.
435 1021 573 1061 sennes
595 1021 710 1060 rruso
732 1011 904 1060 staurus.

136 1164 216 1232 Scio
235 1175 268 1228 te
286 1184 355 1228 non
371 1175 441 1226 tam
460 1157 510 1225 tui
525 1181 626 1226 causa
640 1171 842 1227 commotum
857 1154 998 1240 litteris,
1015 1182 1100 1249 quas
1112 1160 1157 1228 ad

91 1293 124 1344 tc
141 1278 187 1346 de
200 1275 351 1344 editione
364 1273 582 1368 epistolarum
599 1287 730 1340 tuarum
746 1273 868 1340 Caesari
883 1272 968 1354 leci,
985 1297 1085 1364 quam
1100 1299 1160 1344 na-

92 1410 168 1462 tura
184 1417 319 1475 rerum,
343 1415 420 1483 quae
440 1392 487 1457 ita
506 1404 634 1456 mentes
653 1389 828 1456 hominum
845 1387 889 1456 ab
906 1389 1061 1459 omnibus
1080 1394 1161 1460 arti·

92 1509 156 1577 bus
172 1525 206 1575 et
224 1507 375 1576 moribus
397 1508 499 1574 rectis
520 1520 675 1584 revocat,
702 1519 742 1571 ut
765 1526 834 1572 non
851 1503 954 1572 bodie
979 1503 1127 1574 admirer
1148 1534 1156 1575 ι

92 1627 221 1719 quippe
234 1642 273 1692 ut
286 1626 334 1708 is,
353 1625 412 1718 qui
428 1623 542 1690 multis
558 1621 770 1690 documentis
790 1620 856 1688 hoc
864 1621 936 1714 jam
949 1621 1160 1690 notissimum

90 1740 249 1810 babeam.
264 1742 376 1836 Igitur
389 1763 475 1808 nove
486 1762 645 1832 agamus,
660 1735 784 1830 siquid
797 1737 894 1806 facile
908 1739 943 1805 in
955 1743 1161 1832 preteritum
1239 1799 1243 1802 .

87 1859 161 1950 jam
181 1858 306 1926 factum
327 1873 402 1944 est,
424 1857 558 1924 veniam
579 1854 761 1946 irrogabis.
786 1852 866 1922 Misi
889 1853 950 1924 tibi
974 1854 1100 1925 librum
1120 1859 1161 1926 de

91 1972 277 2044 verborum
296 1973 407 2066 copia.
420 1971 524 2054 Vale,
543 1969 648 2041 Paule
668 1969 856 2054 carissime,

343 2145 383 2208 Χ.
408 2167 544 2208 rannus
566 2163 714 2206 sussen
735 2165 908 2206 sisaran.

141 2306 289 2399 Quoties
307 2306 372 2373 tibi
394 2306 527 2393 acribo,
550 2321 584 2373 et
603 2330 727 2375 nomen
745 2332 857 2376 meum
880 2308 942 2376 tibi
963 2307 1160 2390 subscribo,

95 2444 235 2516 gravem
258 2438 294 2489 et
314 2436 414 2490 sectae
436 2445 516 2490 mcae
539 2424 820 2516 incongruentem
840 2447 910 2492 rem
930 2423 1029 2492 facio.
1050 2423 1165 2491 Debeo

93 2541 210 2620 enim,
229 2553 269 2604 ut
284 2561 371 2629 saepe
387 2523 556 2630 professus
573 2560 664 2618 sum,
680 2561 759 2604 cnm
775 2538 931 2605 omnibus
945 2539 1057 2606 omnia
1073 2562 1145 2608 csse
1153 2590 1164 2624 ,

95 2671 131 2722 et
147 2653 241 2722 idem
259 2653 440 2723 observare
458 2654 494 2720 in
512 2668 602 2721 tuam
617 2675 816 2745 personam,
837 2650 929 2744 quod
947 2652 1000 2720 lex
1016 2657 1166 2724 Romana

94 2769 221 2836 honori
241 2783 377 2837 senatus
394 2769 575 2850 concessit,
591 2767 741 2862 perlecta
757 2767 916 2859 epistola,
938 2768 1092 2839 ultimum
1112 2770 1167 2836 lo-

93 2909 176 2951 cum
190 2884 338 2976 eligere,
354 2908 398 2951 ne
411 2909 492 2968 cum¹
500 2884 617 2976 aporia
631 2897 666 2952 et
679 2880 847 2953 dedecore
860 2885 994 2978 cupiam
1009 2884 1165 2966 efficere,

95 2998 193 3090 quod
204 3000 271 3066 mei
283 2999 418 3066 arbitrii
431 2997 548 3066 fuerit.
561 2997 657 3083 Vale,
674 2991 887 3067 devotissime
899 2985 1072 3092 magisterss
1081 3003 1168 3092 Data

93 3139 130 3181 v.
151 3114 226 3182 cat.
246 3114 347 3199 Julii,
364 3118 498 3184 Nerone
514 3115 593 3182 1111.
616 3130 650 3182 et
667 3113 810 3182 Messala
827 3114 1043 3184 Consulibus.

357 3307 418 3372 XI.
442 3331 578 3370 sauses
601 3331 713 3370 ranno
734 3331 910 3372 susurru.

147 3474 224 3544 Ave
233 3524 244 3561 ,
268 3477 315 3542 mi
329 3455 434 3543 Paule
451 3476 637 3543 carissime.
658 3477 760 3544 Putas
777 3500 831 3544 me
849 3475 943 3544 haud
955 3480 1166 3560 contristari,

95 3610 132 3660 et
143 3616 216 3660 non
228 3591 417 3660 luctuosum
430 3615 517 3677 esse,
532 3591 626 3684 quod
639 3591 682 3660 de
695 3593 889 3660 innocentia
901 3609 1012 3662 vestra
1025 3594 1170 3664 subinde

94 3721 283 3773 sumuntur
305 3704 482 3799 supplicia.
509 3703 644 3772 Dehinc
670 3705 764 3797 quod
786 3722 853 3774 tam
881 3705 1005 3791 duros,
1034 3724 1169 3800 tamque

94 3823 266 3890 obnoxios
279 3845 338 3889 vos
351 3837 448 3889 reatu
462 3821 570 3888 omnis
583 3821 729 3913 populus
738 3822 893 3914 judicet,
911 3837 1065 3915 putansa
1075 3823 1171 3891 vobis

94 3941 213 4022 effici,
230 3936 395 4032 quicquid
407 3940 445 4006 in
458 3937 545 4006 urbe
558 3939 765 4006 contrarium
776 3938 828 4006 fit.
841 3937 908 4007 Sed
919 3938 1065 4007 feramus
1075 3963 1171 4032 aequo

93 4059 235 4145 animo,
254 4073 289 4125 et
302 4071 438 4125 utamur
452 4056 544 4140 foro,
562 4047 655 4149 quod
668 4079 741 4124 sors
753 4055 940 4142 concessit,
962 4053 1071 4126 donec
1084 4057 1172 4124 invi-

96 4194 157 4246 cta
174 4174 319 4248 felicitas
333 4174 436 4244 finem
452 4173 548 4242 malis
560 4173 720 4267 imponat.
736 4169 835 4241 Tulit
846 4187 881 4240 et
892 4173 1079 4266 priscorum
1093 4189 1172 4244 etas
