2950 4934
277 495 342 580 zion
638 487 980 557 FRAGMENTA

276 622 439 694 divinitus
451 600 630 714 ageretur,
648 618 821 714 ignorans.
840 617 993 709 subjecit
1004 617 1106 712 piane
1119 621 1342 708 sententiam,

275 763 343 834 qua
366 737 600 832 significaret,
628 732 712 826 quid
733 732 868 801 illorum
899 748 1183 802 sacramentorum
1210 736 1344 805 ratione

275 857 427 925 sentiret.
443 855 502 924 Ait
513 853 604 922 enim
622 878 630 918 2
650 849 730 918 ollii
744 865 857 918 tamen
871 869 987 918 caueae
998 851 1084 920 ritus
1092 853 1145 920 aui
1158 869 1341 935 noverunt,

275 987 311 1041 et
325 972 434 1070 major
449 994 529 1065 para
544 967 663 1064 popuii
681 967 779 1052 facit,
801 963 895 1058 quod
909 988 971 1034 eur
985 965 1105 1049 saciat,
1123 968 1268 1060 ignorat.
1290 996 1305 1032 n

559 1155 698 1208 Senmoa
711 1153 770 1208 vitre
783 1153 812 1207 P.
825 1151 929 1224 Virgilii
939 1151 1061 1206 Maronis.

324 1284 384 1410 37⁹.
396 1317 525 1386 Seneca
538 1312 695 1394 tradidit,
712 1315 730 1380 J
733 1312 839 1380 ulium
852 1315 1050 1380 Montanum
1063 1328 1196 1406 poetam
1206 1313 1342 1383 eoiitum

154 1516 158 1520 Α
274 1431 412 1515 dicere,
439 1431 666 1501 involaturum
691 1453 727 1497 se
747 1428 899 1522 quaedam
921 1427 1093 1522 Virgilio,
1115 1431 1143 1498 ai
1165 1445 1200 1497 et
1223 1453 1343 1499 vocem

273 1563 406 1640 postet,
426 1561 461 1614 et
477 1568 534 1626 or,
555 1561 590 1613 et
611 1542 831 1637 hypocrisim
853 1539 987 1612 eosdem
1010 1543 1101 1610 enim
1128 1567 1272 1629 verane,
1299 1567 1342 1611 eo

272 1660 538 1754 pronuntiante,
557 1657 645 1726 bene
671 1682 813 1742 sonare3
837 1659 910 1725 aine
934 1655 1013 1739 ilio,
1036 1657 1227 1724 inarescere
1244 1658 1341 1750 quasi

274 1789 395 1843 mutos.

634 1892 771 1976 §tartum
784 1893 811 1944 in
824 1893 862 1944 Vl
876 1892 980 1945 AEneid.

324 2043 383 2110 38.
398 2043 527 2110 Seneca
540 2042 676 2133 scripsit
689 2040 733 2108 de
747 2041 815 2108 aitu
824 2054 859 2106 et
869 2041 972 2108 oacrio
985 2044 993 2075 ¹
1009 2039 1267 2133 AEgyptiorum3
1283 2038 1345 2106 hie

275 2155 382 2241 dicit,
402 2157 527 2224 «cirea
542 2156 678 2225 Sienem
697 2171 877 2224 extremam
891 2156 1028 2249 AEgypti
1049 2171 1178 2248 partem
1199 2178 1273 2222 esee
1290 2153 1344 2221 io-

158 2297 161 2302 ·
275 2297 376 2355 cum,
393 2295 495 2363 quem
508 2271 643 2354 Philan,
663 2270 729 2340 hoe
748 2286 798 2339 eat
807 2322 818 2358 ,
844 2273 978 2342 Amicus
991 2288 1133 2356 vocant,
1156 2272 1232 2340 ideo
1249 2271 1345 2363 quod

273 2389 346 2459 iilic
358 2404 409 2456 eat
421 2388 552 2482 planata
560 2387 603 2456 ab
611 2389 781 2482 AEgyptiie
793 2387 868 2471 laia,
879 2388 1003 2482 quibus
1015 2387 1236 2470 irascebatur,
1249 2385 1346 2479 quod

274 2504 425 2574 membra
439 2505 549 2574 mariti
563 2502 711 2573 Osiridis
724 2527 795 2572 non
808 2503 1022 2590 inveniebat,
1038 2527 1139 2596 quem
1154 2502 1257 2572 frater
1271 2503 1345 2595 Ty-

273 2623 368 2718 phon
379 2620 561 2691 occiderat.
579 2623 666 2714 Quae
679 2623 815 2689 inventa
825 2637 941 2714 postca
953 2645 1057 2714 quum
1069 2621 1213 2716 sepelire
1225 2620 1343 2704 vellet,

274 2731 371 2832 eligit
389 2739 509 2807 vicinae
528 2736 661 2832 paludis
675 2738 878 2806 tutissimum
893 2737 1023 2819 iocum,
1044 2734 1203 2831 quemad
1220 2739 1346 2807 transi-

276 2867 347 2921 tum
366 2865 496 2920 conatat
510 2862 584 2920 erae
606 2847 801 2936 difficilem
826 2851 942 2920 limosa
966 2853 1055 2921 enim
1075 2869 1126 2921 est
1149 2867 1183 2920 et
1204 2853 1348 2946 papyris

275 2971 411 3038 referta.
437 2996 453 3031 n

588 3082 660 3135 idem
674 3083 813 3149 Siavtu's,
828 3085 855 3137 in
871 3085 908 3136 lx
921 3085 1027 3137 AEneitl.

330 3219 388 3312 39.
406 3223 544 3312 Gangen
554 3219 678 3289 fluvius
690 3219 797 3289 Indiae
812 3238 879 3302 eat,
897 3222 1153 3314 qui‘secundum
1167 3224 1345 3306 Senecam,

279 3338 392 3406 insitu
405 3337 524 3420 Indiae,
545 3365 561 3401 tt
574 3360 694 3406 novem
703 3338 810 3406 alveis
824 3338 1133 3426 fluit,raecundum
1150 3345 1162 3374 ²
1174 3340 1348 3408 Melonem

280 3470 410 3546 reptem
423 3479 431 3519 :
443 3453 503 3544 qui
517 3468 628 3520 tamen
640 3455 762 3546 etipse
771 3470 1008 3524 commemorat
1020 3455 1202 3524 nonnullos
1215 3455 1346 3540 dicere,

280 3568 375 3664 quod
388 3568 498 3639 tribue
510 3569 615 3639 alveis
627 3570 721 3638 iluat.

281 3841 410 3898 {tutilimz
420 3866 434 3891 α
449 3845 532 3913 Atque
542 3843 640 3896 utinam
657 3831 790 3912 nunquim
839 3845 1103 3918 ximeinteiliginieut
1110 3859 1135 3900 et
1142 3846 1168 3898 in
1177 3845 1271 3898 Seneca
1280 3846 1349 3918 ipro.

280 3921 478 3976 indumbacta
485 3921 580 3985 suitam,
588 3920 701 3994 Pompeii
708 3919 789 3984 bellis,
875 3941 896 3974 ι.
912 3923 955 3977 De
969 3927 1022 3977 stoa
1035 3935 1060 3977 et
1070 3927 1161 3978 rueris.
1175 3926 1217 3977 An
1231 3937 1256 3975 et
1267 3923 1351 3996 ipram

283 3998 441 4071 imperioque
450 3997 791 4069 'litithtimexeireputir
841 3998 1353 4074 AEgyptumergodercriprithiriiegis,
1472 3983 1473 4012 ¹

281 4076 400 4148 contagia
411 4088 534 4148 serpunt,
552 4075 716 4145 Victoresque
732 4093 791 4129 auca
841 4077 1357 4150 derituffamenetatatim,hag-proxi·
1472 4107 1473 4124 1

282 4153 352 4207 natio
364 4153 430 4218 victa
445 4153 567 4226 premit.»
585 4153 637 4206 Ubi
648 4154 694 4206 etsi
707 4153 792 4208 Judoei
841 4157 1118 4222 mo,drsr'tu1ndioe.
1472 4137 1473 4210 i

283 4230 728 4300 nominantur,rerturo01rirtianor
739 4251 792 4284 ma·
873 4234 1357 4310 aMriooemSuapieatnurlegcndnnt
