2950 4934
198 399 733 485 PHY‘stOL.ST01c01t.
760 410 857 479 LIB.
884 410 935 481 11.
1032 412 1116 490 ,δὴ

49 549 105 600 sam
121 534 319 621 auctoremque
335 537 526 621 generationis
541 537 647 599 Mundi
663 560 745 611 esse,
771 551 800 598 at
822 560 878 601 uon
898 540 1046 611 interitus3
1063 540 1115 601 sed

47 670 108 707 eam
123 655 183 730 que
196 629 226 706 in
240 648 326 707 rebus
340 658 383 705 est
394 646 479 706 insita
493 626 571 728 ignis
582 648 754 727 potentiam,
773 646 937 731 postulonga
954 658 1114 729 temporum

47 753 204 826 inerrata,
216 753 311 811 omnia
319 752 351 812 in
364 773 396 811 se
408 751 606 812 resolventem.
621 778 635 805 a
648 752 747 826 Deus,
761 753 875 834 iuquit,
888 774 947 813 nou
961 764 1004 813 est
1018 774 1113 815 causa.

47 857 217 918 Seermdnria
232 871 262 918 et
273 851 517 919 instrumentalisr
531 870 601 919 esto.
625 857 696 934 Quis
714 858 802 943 ergo?
818 857 899 941 Ignis
915 859 1018 919 inclusi
1030 861 1116 921 rebus

46 956 176 1025 omnibns
188 966 333 1047 potentia,
351 987 414 1047 qua
428 977 556 1047 tempore
569 986 601 1024 se
615 967 720 1025 exserit
733 978 763 1027 ct
775 966 851 1025 vires
865 968 959 1049 capit,
976 980 1005 1027 et
1020 969 1116 1029 omnia

20 1062 28 1097 ⁸
43 1058 207 1152 populatur,
218 1062 295 1146 edit,
312 1084 341 1132 et
356 1072 388 1131 in
401 1071 568 1132 alimentum
578 1073 623 1131 sui
636 1072 731 1131 vertit.
747 1070 919 1131 Considera:
933 1084 976 1132 tot
986 1074 1118 1135 illatam

45 1189 73 1236 et
95 1172 226 1237 culorum
250 1178 355 1251 orbes,
380 1178 461 1261 ignes
481 1191 530 1238 aut
546 1179 647 1261 ignca3
665 1178 705 1237 dii
720 1177 806 1253 boni,
823 1190 929 1260 quanto
943 1192 1037 1241 cetera
1059 1182 1120 1243 ele-

42 1298 141 1343 menta
155 1285 348 1366 exsuperanti
362 1285 439 1360 Quid
456 1286 488 1344 in
506 1286 569 1368 ipso
584 1285 674 1359 mari,
691 1307 787 1345 nonne
803 1285 879 1347 calor
900 1298 929 1347 et
949 1288 1057 1347 semina
1073 1290 1120 1371 ig-

42 1390 148 1450 nium?
162 1390 232 1472 quid
247 1392 278 1450 in
292 1403 383 1462 terra,
401 1391 472 1472 ipsis
485 1392 549 1469 ejus
563 1390 781 1472 penetralibus,
793 1404 823 1452 et
836 1413 923 1475 super
938 1393 1021 1453 cami
1036 1392 1118 1455 Idem

42 1499 74 1556 in
92 1518 180 1570 aere,
201 1498 232 1555 in
253 1497 466 1569 animantibus,
483 1497 638 1577 stirpibus;
660 1497 767 1577 ubique
782 1498 856 1579 ignis
875 1522 883 1556 ε
900 1511 929 1559 et
943 1498 1010 1573 ille,
1026 1502 1120 1583 inquit

42 1603 149 1677 Philo,
171 1591 307 1684 paulatim
327 1622 500 1685 augescens,
520 1604 616 1697 omnia
637 1602 761 1684 denique
784 1605 816 1664 iu
835 1626 866 1663 se
887 1618 988 1666 vertet.
1013 1604 1049 1666 lu
1067 1628 1117 1677 se,
1195 1674 1199 1683 ,

40 1711 164 1792 optime.
176 1708 221 1768 lta
227 1708 404 1769 Numenius:
418 1735 433 1763 a
443 1708 538 1769 Placet
547 1708 648 1767 Stoicis
660 1730 776 1768 omnem
787 1711 936 1770 essentiam
948 1734 980 1771 ac
991 1724 1120 1773 namram

39 1816 189 1898 inignem
201 1828 386 1890 convertere,
399 1828 535 1896 tanquam
549 1804 580 1875 in
590 1837 701 1876 semen.
713 1842 728 1869 »
740 1815 798 1877 Sed
812 1838 897 1898 quem
908 1816 984 1877 hunc
996 1818 1098 1901 Ignem
1108 1819 1121 1877 l

39 1923 213 1983 AEthereuru
226 1934 256 1982 et
269 1944 391 2004 pamm,
404 1922 533 1981 observa.
552 1921 663 1982 Mixtus
676 1934 718 1981 est
732 1922 801 1995 ille,
818 1924 1001 2011 quitrastahit
1008 1946 1017 1995 ;
1032 1946 1122 2005 purus

39 2044 73 2091 et
97 2054 115 2089 a
139 2028 260 2088 Materia
272 2029 409 2111 paulatim
431 2027 611 2089 reducendus
628 2031 693 2104 ille,
710 2030 762 2112 qui
777 2030 876 2113 gignet
891 2028 986 2090 denuo
1008 2043 1037 2091 et
1057 2031 1122 2091 lor-

40 2137 149 2197 mabit.
174 2135 248 2195 Nam
269 2135 391 2196 Materia
413 2148 601 2209 secernetur,
625 2146 659 2195 ut
679 2134 818 2196 dicemus.
843 2134 1008 2197 AEthereum
1029 2137 1091 2197 dixi
1113 2161 1121 2195 =

31 2265 163 2317 ⁴mecum
173 2243 343 2303 Numenius.
363 2239 491 2311 «Stoicis
506 2242 601 2324 placet
611 2244 708 2303 omnia
719 2263 889 2305 evanescere
902 2255 931 2304 et
940 2246 1045 2326 perire,
1059 2260 1123 2327 post

36 2351 213 2433 longissima
237 2351 346 2432 spatia,
369 2350 502 2410 omnibus
517 2350 547 2408 in
567 2349 721 2411 aethereum
739 2351 836 2432 ignem
858 2352 999 2411 resolutis.
1020 2377 1034 2405 a
1065 2352 1124 2413 Sed

36 2458 147 2517 omnia
160 2457 240 2538 prius
253 2469 393 2538 pereunt,
411 2454 528 2514 omnia?
544 2456 600 2535 ipsi
612 2455 661 2513 Dii
676 2455 819 2531 minores,
833 2454 938 2530 Genii,
953 2458 1079 2531 Anima,
1095 2470 1125 2518 et

34 2564 195 2648 quidquid
205 2578 249 2624 est
262 2576 342 2623 extra
356 2584 447 2621 unum
457 2582 624 2643 supremum
637 2560 732 2621 Deum
742 2606 750 2635 ,
762 2560 795 2621 id
810 2573 870 2636 est,
883 2560 995 2622 Jovem.
1012 2563 1057 2623 Ita
1071 2563 1124 2624 Se·

37 2696 144 2747 neca,
160 2673 251 2731 solum
264 2671 341 2730 hune
355 2691 503 2751 superesse
519 2669 601 2743 lacit,
620 2695 635 2722 α
651 2682 680 2729 et
693 2670 873 2749 acquiescere
889 2670 960 2745 sibi,
978 2672 1123 2744 resoluto,

32 2780 146 2861 inquit
160 2772 270 2860 (Epist.
289 2774 357 2859 rx),
374 2776 506 2849 Mundo,
528 2788 557 2834 et
577 2776 632 2835 diis
651 2776 683 2835 in
702 2797 794 2835 unum
814 2776 979 2837 confusius
1003 2776 1077 2837 Sane
1094 2780 1124 2837 in

32 2909 141 2948 unum
154 2929 163 2959 ‚
178 2886 209 2943 iu
227 2886 320 2966 ipsum
334 2882 446 2944 Jovem.
465 2882 631 2941 Plutarchus
649 2881 816 2942 Cleanthem
829 2880 940 2955 inducit
955 2881 1098 2943 dicentem
1113 2926 1124 2958 ‚

29 2994 110 3079 (De
126 2989 210 3051 Cam.
226 2988 358 3070 Notion.)
376 2988 533 3062 «Lunam,
557 3000 586 3048 et
603 2986 698 3048 sidera
714 3002 743 3049 et
763 2988 859 3050 Solem
884 2989 994 3071 perire,
1022 2987 1123 3049 iorem
1194 2994 1196 3002 '

30 3107 159 3192 autem*
174 3094 299 3180 (desunt
312 3098 343 3156 in
368 3094 468 3156 Graeco
493 3094 643 3178 praedam,
664 3095 756 3156 sedis
776 3116 875 3157 sensus
891 3092 950 3179 est)
970 3096 1125 3157 assimilare

28 3207 150 3270 omnia
164 3199 235 3280 sibi,
249 3206 318 3264 etin
329 3198 425 3287 ipsum
442 3224 474 3264 se
490 3215 613 3281 vertere.
629 3230 643 3257 a
655 3204 729 3263 Nam
749 3202 864 3285 Jupiter
884 3203 992 3263 scilicet
1005 3216 1060 3278 est,
1070 3226 1128 3286 pu-

25 3320 107 3379 rior
121 3312 174 3373 ille
189 3312 278 3397 Ignis.
293 3313 392 3372 Cicero
408 3312 513 3385 etiam,
531 3310 567 3371 de
584 3306 701 3371 interitu
719 3311 774 3371 hoc
786 3311 910 3371 Deorum
924 3309 1032 3393 (Acad.
1052 3311 1101 3395 ll)
1117 3336 1125 3371 s

27 3454 48 3479 a
63 3421 179 3482 Stellas
191 3442 307 3495 omnes,
321 3432 443 3493 terram,
455 3440 554 3493 mare,
573 3418 641 3479 deos
652 3440 714 3479 esse
732 3442 741 3477 z
759 3417 824 3501 ,iore
839 3431 935 3478 tamen
954 3419 1124 3499 aliquando,

22 3544 72 3592 ut
92 3530 193 3589 omnis
212 3527 259 3587 laic
274 3526 401 3588 Mundus
416 3525 518 3587 ardore
531 3524 678 3609 deflagrct.
699 3552 713 3579 a
729 3523 786 3586 Sed
801 3537 830 3585 et
843 3524 915 3585 alius
931 3525 1037 3587 Seneca
1055 3548 1063 3581 ι

320 3660 600 3731 mmmm

318 3757 394 3806 Ortus
404 3759 479 3823 atque
489 3753 570 3805 obitus
579 3752 658 3803 trahet
668 3772 675 3802 z

317 3847 397 3914 Atque
408 3862 492 3896 omnes
503 3836 593 3913 pariter
604 3846 670 3895 Deos

322 3937 409 3989 Perdet
420 3954 487 3989 mors
498 3931 710 4006 uiqmetctaoa
723 3928 812 4005 (llere.
824 3930 883 3987 OEt
900 3948 961 3987 1112
975 3938 1078 4007 etseq.)

20 4064 148 4151 igitur
161 4061 259 4121 omnia
274 4059 303 4119 in
317 4058 419 4141 ignem
433 4058 556 4133 abeant,
572 4078 743 4137 mutamque
756 4079 793 4119 ex
807 4057 880 4141 Igne
895 4072 1023 4143 surgunt.
1042 4058 1132 4119 Lacr-

20 4177 126 4245 rius,
145 4168 185 4230 de
207 4167 270 4229 Deo
286 4192 295 4228 ι
318 4194 335 4223 ,ι
351 4169 401 4250 qui
427 4180 469 4229 est
489 4166 734 4248 incorruptibilis,
757 4179 785 4229 et
808 4168 972 4250 ingenitus,
1002 4167 1133 4229 conditor
