2950 4934
279 406 350 492 406
567 401 1050 474 L.A1t1tAE1sENEcAE

275 535 341 596 lum
354 531 531 616 inscriptum
545 530 638 592 fuisse
651 542 795 613 praestare
809 529 910 594 nolim.
920 529 996 590 darn
1009 548 1083 592 vero
1097 532 1191 592 codex
1200 529 1253 592 ille
1262 531 1348 614 cujus

275 638 411 722 reliquiae
425 641 464 702 ad
474 638 555 702 bunc
570 658 658 700 usuru
671 657 824 700 conversae
840 649 926 715 sunt,
940 637 1074 721 ejusdem
1097 637 1202 700 lormae
1214 637 1271 700 suit
1286 659 1346 719 qua
1459 629 1460 632 ¹

275 745 371 813 libros
379 745 509 808 biblicos
521 744 613 809 scribi
623 742 751 828 placuit,
768 745 949 828 singulaeque
959 745 1074 830 paginae
1087 744 1210 829 singulis
1220 765 1346 830 respon-

277 856 396 932 dente's,
413 867 447 916 ut
458 875 538 919 nunc
554 852 696 917 sehabet
710 855 823 930 codex,
845 875 898 928 ιο,
918 853 973 931 15,
987 852 1045 938 39,
1062 853 1117 931 4ο,
1133 851 1192 933 43,
1209 853 1270 931 44,
1286 874 1345 915 nu-

276 974 441 1023 merantur.
452 959 509 1022 Hae
519 975 587 1024 sunt
599 981 675 1043 quas
687 961 780 1044 paulo
797 971 867 1022 ante
878 961 936 1022 situ
949 973 980 1024 ct
988 962 1114 1024 madore
1128 973 1270 1044 corrupta
1280 959 1348 1038 fere

277 1067 433 1129 evanuisse
445 1067 589 1144 indicavi,
607 1087 668 1149 quo
682 1066 796 1130 factum
814 1079 859 1128 est
871 1078 904 1127 ut
917 1078 1035 1150 partem
1046 1065 1172 1156 antiquae
1191 1067 1348 1150 scripture

276 1175 395 1256 assequi
407 1195 471 1236 non
482 1174 643 1259 potuerim.
655 1171 835 1259 scriptionis
845 1172 1015 1257 specimen,
1031 1174 1115 1256 cnjus
1128 1172 1245 1236 indoles
1257 1173 1344 1236 inve·

142 1291 146 1301 '
276 1282 403 1365 stigandi
414 1281 588 1346 facultatem
596 1281 677 1344 baud
686 1303 796 1367 parum
805 1279 954 1366 auget,in
963 1279 1065 1341 tabula
1076 1277 1345 1344 dedi.Eamsemi·.

274 1388 473 1451 minusculam
485 1389 557 1451 satis
569 1389 707 1472 apposite
720 1391 875 1452 nominare
889 1409 1047 1472 possumus
1064 1413 1072 1447 a
1085 1400 1227 1472 typorum
1244 1401 1344 1450 autem

276 1493 327 1574 qui
343 1493 375 1555 in
387 1493 474 1556 libris
485 1493 695 1578 imprimendis
708 1493 887 1558 adhibentur
901 1495 987 1578 origo
1000 1493 1161 1557 manifesto
1172 1495 1243 1557 inde
1253 1515 1345 1578 repe-

274 1604 365 1663 tenda
380 1614 434 1664 est.
448 1599 590 1684 Denique
604 1602 706 1664 titulus
718 1602 790 1665 libri
806 1605 840 1663 de
856 1606 916 1665 vitu
927 1606 1019 1686 putrui
1033 1603 1118 1664 illam
1131 1602 1227 1665 refert
1241 1623 1300 1684 qua
1312 1603 1344 1664 in

276 1708 436 1772 scribendo
452 1709 566 1782 utimur
584 1732 592 1768 s
607 1730 673 1791 quae
685 1708 820 1776 laciloin
834 1709 1032 1775 tabellionum
1045 1728 1166 1792 quoque
1180 1709 1342 1792 scriptione

274 1817 464 1899 agnoscitur,
480 1816 616 1899 quoties,
634 1816 743 1878 sivein
757 1815 869 1880 chartis
883 1815 989 1879 sivein
999 1815 1246 1880 membranarum
1259 1836 1345 1878 mar·

274 1923 409 2006 giuibus,
428 1925 605 2008 perspicue,
623 1946 684 1987 non
698 1925 797 2009 ligatis
810 1925 888 1988 inter
905 1947 937 1990 se
953 1925 1110 2004 ductibus,
1128 1925 1345 2008 scriberepla-

272 2031 344 2099 cuit.
366 2031 538 2115 Utrumque
559 2045 660 2095 autem
679 2032 832 2115 scripturae
852 2054 945 2118 genus
966 2035 1047 2115 quod
1066 2033 1099 2094 in
1117 2032 1164 2095 bis
1182 2030 1345 2095 Annaeanis

271 2135 471 2223 conspicitur,
481 2141 513 2200 in
527 2141 680 2202 volumine
694 2141 844 2204 librorum
855 2139 888 2204 S.
900 2139 1013 2204 Hilarii
1024 2143 1061 2206 de
1070 2140 1219 2204 Trinitate
1232 2141 1346 2204 obtinet

272 2249 354 2329 quod
366 2246 398 2308 in
409 2245 561 2308 tabulario
574 2247 711 2312 Basilice
724 2247 881 2311 vaticanae
896 2261 1082 2320 asservatura
1096 2245 1280 2332 Carthagine
1290 2249 1344 2312 sub

271 2351 475 2416 Trasimtmdo
491 2351 633 2416 Vandalo
644 2375 736 2437 rege,
757 2355 864 2438 primis
880 2355 956 2418 serti
969 2354 1069 2418 saculi
1085 2353 1190 2428 annis,
1203 2357 1316 2438 scripto
1333 2380 1341 2416 a

271 2461 355 2542 cujus
368 2459 622 2542 subscriptiones,
636 2462 674 2521 de
685 2481 814 2541 quarum
828 2460 1001 2546 antiquitate
1015 2481 1104 2522 sanus
1115 2481 1207 2524 nemo
1219 2463 1345 2526 dubium

271 2585 397 2627 movere
421 2565 550 2647 poterit,
569 2585 638 2627 eam
663 2557 804 2626 exhibent
826 2566 980 2648 speciem,
1003 2579 1036 2628 ut
1060 2565 1159 2628 obiter
1175 2567 1344 2650 inspicienti

273 2670 362 2737 facile
378 2671 410 2730 in
424 2683 559 2732 mentem
574 2670 677 2732 tenire
693 2671 789 2752 possit
805 2691 855 2734 eas
869 2685 938 2734 ante
952 2675 1011 2734 duo
1027 2672 1075 2734 rel
1091 2673 1149 2733 tria
1164 2674 1272 2736 secula
1289 2677 1343 2738 ad·

270 2779 396 2862 scriptas
418 2799 494 2840 esse.
518 2775 624 2859 Itaque
647 2777 772 2840 minime
795 2781 953 2842 crederem
968 2780 1057 2862 hujus
1080 2779 1235 2864 scripturae
1256 2803 1343 2844 usum

271 2883 385 2948 smerdis
399 2884 584 2947 intermediis
596 2884 742 2946 omissum
754 2884 845 2951 tuisse
858 2909 865 2944 ε
879 2905 1050 2966 quanquam
1064 2885 1144 2948 haud
1158 2886 1221 2950 scio
1236 2909 1276 2949 an
1294 2889 1344 2948 ni-

273 2991 315 3054 bil
333 2991 388 3053 illo
409 3013 521 3075 genere
541 3005 696 3053 exaratum
717 3013 753 3052 ex
775 3013 812 3053 eo
828 3013 892 3054 aevo
907 2993 1036 3076 supersit
1052 3017 1060 3053 ι
1077 2991 1247 3057 Petrarcbae
1262 3009 1345 3058 certe

246 3096 249 3102 ’
270 3097 419 3182 epistola,
437 3120 501 3178 quac
517 3096 634 3160 Patavii
650 3098 839 3174 ostenditur,
860 3095 897 3162 iis
913 3098 1021 3162 litteris
1041 3099 1152 3184 scripta
1173 3115 1219 3164 est
1236 3103 1348 3185 quibus¹

270 3218 342 3268 tunc
356 3205 388 3266 in
404 3205 556 3269 codicibus
572 3205 741 3267 utebantur.
757 3201 849 3284 Quod
863 3225 936 3268 vero
951 3207 989 3268 ad
1002 3205 1134 3270 litteram
1146 3209 1346 3272 semi-minu-

269 3311 386 3374 sculam
394 3311 508 3387 attinet,
521 3311 662 3374 volumen
673 3311 801 3374 alterum
814 3309 1148 3377 CodicisTheodoaiani
1158 3315 1238 3377 inter
1247 3316 1346 3378 libros

267 3416 489 3501 manuscriptos
509 3415 648 3500 Reginae,
672 3418 861 3482 hauddubie
881 3421 920 3482 ad
941 3421 1049 3482 eadem
1066 3421 1129 3482 fere
1149 3442 1219 3484 cum
1238 3421 1348 3485 codice

270 3523 305 3589 S.
319 3523 432 3588 Hilarii
454 3538 595 3608 tempora
618 3525 833 3604 referendum,
856 3529 964 3590 eadem
984 3526 1056 3604 itta,
1075 3523 1148 3592 licet
1167 3529 1346 3606 crassiore,
1459 3551 1460 3558 ¹

269 3633 418 3716 scriptum
430 3645 491 3704 est;
508 3633 649 3714 idemque
660 3636 698 3695 de
714 3633 890 3719 fragmentis
902 3635 1070 3698 orationum
1084 3633 1259 3722 Symmachi
1271 3633 1349 3698 llo-

270 3742 368 3803 manis
385 3755 415 3803 et
427 3740 707 3805 Mediolanensibus
721 3744 855 3805 valet.....
867 3771 882 3798 a
1269 3733 1271 3736 ⁵

312 3847 406 3910 «Jam
416 3850 496 3929 quod
507 3850 546 3910 ad
552 3848 691 3912 editionis
702 3850 860 3912 consilium
868 3850 983 3927 attinet,
995 3849 1069 3912 illud
1082 3851 1247 3912 institutum
1258 3871 1351 3912 secu-

268 3971 390 4020 tussum
397 3955 648 4038 quodduvenatio
659 3972 690 4020 et
698 3954 969 4020 Herculaneusium
978 3957 1162 4018 voluminum
1174 3957 1352 4020 clarissimo

268 4065 394 4144 editori,
409 4079 498 4147 atque
512 4064 563 4125 diu
582 4077 650 4126 aute
665 4084 719 4126 cos
732 4062 842 4125 Fulvio
856 4062 970 4126 Ursino
986 4078 1016 4126 et
1029 4061 1179 4128 Radbodo
1195 4062 1348 4143 Schelio,

269 4169 396 4253 aliisque
417 4185 563 4255 praeterea
582 4171 733 4254 praeclaris
753 4172 825 4235 viris
844 4171 976 4255 placuit,
1002 4183 1035 4232 ut
1055 4171 1126 4252 quid
1142 4171 1266 4255 singulis
1283 4193 1355 4254 pa-
