2950 4934
437 402 700 475 EPISTOLA
723 399 890 471 CXVII.
1136 401 1201 494 ²95

125 554 224 634 petuo
234 538 369 625 veniot;
381 560 425 605 an
438 550 472 605 et
484 536 577 619 haeo,
591 534 666 625 qu'ae
677 531 818 601 fortuita
827 530 1003 615 dicuntur,
1017 542 1111 598 certa
1123 528 1202 623 lege

124 657 309 727 constricta
322 655 411 739 oint,
431 652 588 745 nihilque
607 652 643 720 in
662 648 728 719 boc
748 648 875 718 mundo
887 648 1125 741 repentinum,
1143 664 1203 715 aut

125 796 245 865 expers
258 768 409 852 ordinis,
426 767 627 839 volutetur?
644 768 713 835 Iota
728 766 799 859 jam
816 788 838 833 a
854 763 1054 832 formatione
1069 787 1202 833 morum
1228 784 1269 818 ²⁰-

124 883 442 972 recesserun13eed
467 884 581 953 levant
599 883 772 962 animum,
797 895 833 949 et
854 879 900 947 ad
921 880 1093 971 ipsarum,
1119 903 1203 973 quaa
1301 880 1303 884 ’

125 1018 289 1086 tractant,
314 1024 430 1071 rerum
450 997 719 1094 magnitudinem
740 995 911 1067 attollunt.
935 999 1015 1065 llaec
1032 1018 1135 1083 vero,
1158 995 1203 1065 de

123 1120 251 1213 quibus
278 1116 381 1212 paulo
407 1132 486 1185 ente
511 1115 684 1201 dicebam,
713 1115 893 1200 minuunt,
918 1130 954 1182 et
980 1112 1199 1208 deprimunt,

123 1261 211 1323 nec,
229 1251 268 1307 ut
284 1250 384 1329 putas
396 1239 427 1319 ¹,
444 1248 631 1316 exacuunt,
655 1232 720 1307 sed,
732 1246 928 1301 extenuant.
947 1231 1101 1301 Obsecro
1115 1228 1197 1302 voa!

124 1368 192 1419 tam
206 1349 456 1419 neeessariam²
470 1372 606 1430 curam,
624 1346 811 1440 majoribus
822 1345 1088 1438 melioribusque
1104 1345 1202 1415 debi-

121 1486 191 1537 tam
201 1518 214 1555 ,
231 1468 269 1536 in
280 1490 337 1550 re,
354 1466 470 1535 nescio
482 1489 526 1533 an
546 1464 646 1550 lalsa,
664 1480 757 1533 certe
773 1463 908 1546 inutili,
926 1464 1091 1531 terimus?
1104 1461 1201 1556 Quid
1226 1488 1264 1525 ιι,

120 1586 210 1655 mibi
232 1585 449 1681 profuturum
471 1598 523 1652 eat
537 1584 641 1665 scire,
658 1584 702 1651 an
723 1582 819 1651 aliud
841 1583 885 1649 ait
900 1582 1086 1674 sapientia,
1105 1581 1201 1650 aliud

120 1704 269 1798 sapere?
293 1701 379 1795 quid
401 1701 486 1771 mibi
514 1701 731 1793 profuturum
755 1716 806 1769 eat
829 1700 938 1785 seire,
964 1698 1053 1767 illud
1072 1698 1199 1768 bonum

120 1843 218 1903 ease,
238 1819 331 1912 [boo
343 1843 412 1887 non
422 1812 557 1913 eaeefl]
573 1820 719 1888 Temere
730 1841 784 1891 me
797 1841 932 1911 geram,
948 1815 1071 1883 aubibo
1095 1816 1200 1909 bnjue

119 1938 190 2005 voti
202 1928 352 2031 aleam⁴2
369 1936 431 2004 tibi
447 1936 639 2028 Sapientia,
656 1934 742 2003 mibi
753 1958 873 2028 eapere
886 1928 1079 2027 eontinprtl
1098 1957 1199 2025 pareo

118 2051 262 2119 erimus.
285 2052 404 2120 Potius
420 2051 456 2119 id
475 2075 559 2145 age,
581 2069 620 2119 ut
639 2050 722 2119 mibi
746 2050 837 2119 viam
856 2062 1042 2133 monstres,
1069 2072 1137 2141 qua
1154 2049 1199 2117 ad

119 2165 184 2232 iota
203 2164 414 2257 perveniam.
436 2158 523 2233 Dio⁵
533 2217 546 2252 ,
569 2164 654 2257 quid
672 2166 783 2233 vitare
803 2162 967 2249 debeam,
986 2161 1072 2255 quid
1090 2187 1199 2257 appe-

118 2296 216 2368 tere,
235 2281 361 2374 quibua
374 2283 524 2353 animum
539 2282 710 2351 labantem
727 2279 851 2349 etudiio
865 2281 1015 2364 firmem;
1032 2278 1217 2373 quemad·x

117 2396 257 2465 modum
268 2446 285 2482 ,‚
299 2421 373 2490 quae
384 2423 438 2468 me
452 2422 493 2469 ex
509 2414 701 2468 transverso
718 2398 834 2466 lerunt
845 2412 1020 2490 aguntque
1029 2388 1057 2481 ⁶,
1075 2398 1196 2489 procul

115 2536 205 2581 ame
219 2514 404 2608 repellam3
424 2515 594 2607 quomodo
610 2540 673 2611 per
687 2539 762 2585 eoae
777 2529 827 2584 tot
838 2514 936 2583 malis
948 2515 1074 2608 poesim
1086 2540 1095 2601 3
1108 2538 1196 2606 quo·
1222 2548 1254 2585 aa

114 2758 155 2811 ed.
161 2760 230 2813 Ven.
239 2758 449 2833 StboeeTangit
456 2761 630 2836 astrologiam,
713 2762 737 2827 4.
759 2760 858 2813 Subtbo
875 2760 953 2829 hujus
970 2764 1027 2813 noti
1042 2764 1139 2815 aleam.
1151 2760 1204 2815 sie

115 2840 630 2914 quemcertetnrpeereteepientiampro·
680 2841 737 2895 rdd.
747 2840 779 2894 ab
787 2841 1135 2901 Emm03oommode2nenr
1143 2841 1194 2896 boe

114 2916 629 2991 sequentiinterpbilosopbirestudiaeol·
678 2938 781 2993 poscere
791 2919 927 2976 videturid
936 2919 1091 2990 quodmodo
1100 2918 1191 2983 aiebat,

113 2992 211 3046 locere·
682 2996 789 3051 Temere
804 3017 847 3051 me
858 3002 964 3067 geram(
979 2997 1030 3050 Sed
1047 3010 1072 3049 et
1087 2997 1192 3051 delendi

149 3094 172 3126 ι.
190 3073 244 3127 Nec
255 3114 263 3139 ,
276 3085 307 3127 ut
318 3084 409 3144 putas.
419 3076 449 3128 ln
464 3076 554 3131 litteris
563 3077 627 3140 luia,
678 3086 777 3147 poterat
787 3076 886 3143 subito,
898 3076 1009 3127 necunde
1021 3074 1093 3127 verbi
1105 3095 1192 3149 perso-

112 3150 207 3221 quihus
217 3152 283 3205 mibi
295 3153 544 3225 baequaeetiunculno
554 3156 627 3228 ponis
677 3174 724 3222 oa,
737 3156 807 3226 qnod
819 3155 914 3209 debant
924 3175 950 3207 a.
960 3176 980 3209 e.
993 3155 1028 3207 R.
1038 3157 1075 3207 A.
1084 3168 1110 3209 et
1120 3176 1191 3209 rero·

111 3243 136 3282 et
146 3233 323 3285 commendet.
334 3232 424 3285 Ruth.
677 3235 1191 3312 oevitRnbl.Sebw.-Atproronesublto

143 3330 169 3361 2.
183 3308 255 3361 Tam
270 3312 455 3363 necessariam.
466 3310 568 3384 Vulgo,
583 3332 630 3365 cur
677 3314 779 3369 nullom
790 3336 898 3370 eeumen
915 3316 1006 3374 behet:
1020 3337 1112 3390 nempe
1122 3317 1190 3370 nulli

110 3396 171 3440 Iam
182 3406 276 3441 necess.
287 3388 363 3441 exod.
375 3390 441 3443 Ven.
453 3402 539 3442 contra
552 3410 627 3461 quam
676 3393 788 3464 periculo
800 3394 924 3448 obnoxior
932 3409 970 3451 oet
980 3396 1093 3451 Lucilius
1101 3396 1141 3448 eui
1148 3417 1190 3450 re-

112 3464 365 3520 debantvetoetiorea
372 3467 430 3523 libri
437 3487 464 3520 a.
471 3489 492 3521 c.
503 3466 536 3520 R.
545 3471 580 3521 A.
587 3468 617 3521 S.
676 3470 802 3543 linquitur
810 3474 946 3545 sapientie,
956 3493 1033 3546 quem
1046 3474 1189 3530 concedunt

145 3545 171 3597 ³.
179 3547 255 3600 Illud
259 3548 419 3601 bonumesse
426 3586 434 3613 ,
442 3551 489 3601 doc
496 3569 547 3601 non
556 3552 629 3605 esse?
677 3568 766 3603 omnes
776 3550 873 3604 bonurn
882 3572 935 3605 ease
945 3569 953 3604 t
962 3554 1058 3606 Seneca
1067 3566 1151 3606 autem
1160 3556 1187 3606 in

112 3626 261 3679 Posteriora
273 3626 320 3677 tria
332 3625 409 3677 verbo
422 3646 451 3677 ex
463 3625 570 3695 eonjeet.
581 3629 627 3680 ad·
676 3627 789 3701 periculo
798 3643 848 3695 est,
858 3631 902 3701 qui
911 3630 1187 3704 sibivindieetsepere,

110 3701 453 3775 jecitblnretnotedmodum
464 3704 629 3777 probabiliter-
675 3707 744 3777 quod
757 3707 829 3761 otoiri
841 3708 938 3761 bonnm
946 3728 998 3762 esee
1007 3721 1118 3782 negant:
1128 3709 1188 3763 ideo

109 3779 216 3850 quidem
224 3798 232 3832 t
241 3800 319 3852 quere
329 3781 402 3835 laeile
411 3779 492 3857 potiar
499 3784 627 3855 abjiciun·
677 3784 769 3839 subibo
779 3787 949 3845 neceesarium
959 3799 1004 3839 eet.

107 3857 197 3925 einoo,
214 3878 278 3930 quoe
292 3859 343 3912 illie
354 3860 520 3914 circumdedi.
538 3862 590 3916 Sed
604 3877 629 3916 et
710 3864 733 3915 5.
747 3864 813 3929 Dic,
823 3866 902 3933 qnid,
915 3875 974 3928 ete,
986 3885 1013 3917 a.
1022 3886 1042 3919 c.
1054 3866 1091 3918 A.
1100 3865 1186 3939 Vulgo

107 3935 136 3988 in
148 3936 275 4009 prioribus
282 3937 367 3991 verbis
375 3940 625 3999 mirereriantlibri:
674 3942 728 3997 Dic
736 3944 814 4009 milri,
826 3946 899 4013 quid.
913 3943 995 3998 Sclw.

107 4032 173 4066 nam
182 4034 227 4085 pro
237 4018 321 4082 illud,
330 4018 376 4069 t'lle
383 4016 459 4071 babet
468 4036 515 4071 me
524 4038 551 4071 a·
563 4023 626 4075 illuc
706 4019 731 4072 6.
743 4022 845 4075 Femnt
858 4034 998 4094 aguntque.
1016 4023 1060 4077 Sie
1077 4023 1135 4076 edd.
1153 4025 1186 4077 ab

107 4110 156 4145 me·
168 4110 191 4145 e.
208 4096 239 4147 id
251 4094 291 4147 ed.
306 4098 343 4148 A.
359 4098 431 4164 quod
443 4096 482 4151 ed.
499 4098 534 4152 fl.
548 4103 627 4153 aliud
674 4102 793 4166 Eresmo,
802 4120 860 4154 euro
868 4120 915 4155 ma.
922 4122 943 4156 c.
953 4102 1005 4156 Sed
1004 4103 1108 4171 feriunt
1114 4124 1142 4155 o.
1150 4106 1186 4157 A.

106 4168 150 4221 ed.
163 4172 233 4223 Ver.
246 4170 327 4227 Scto.
674 4180 709 4232 rt.
720 4180 792 4233 Pino.
804 4191 828 4232 et
835 4180 910 4233 Grnt.
920 4179 988 4251 qnod
999 4181 1092 4253 recepit
1099 4181 1186 4237 llobl.
