2950 4934
262 407 322 472 180
539 404 578 471 L.
604 399 784 467 ANNAEl
807 397 1024 468 SENECAE

255 531 495 624 promittimus.
509 533 599 624 Ergo
616 529 690 598 laus
703 529 827 597 etiam¹
848 529 943 596 taciti
961 543 1013 597 est
1031 528 1120 597 bene
1136 528 1329 614 sentientis,

166 720 171 731 ,
255 648 435 718 achonum
452 648 564 717 virum
581 645 674 740 apud
691 669 727 714 se
743 644 927 714 laudantis.
948 644 1100 731 Deinde,
1118 661 1158 714 ut
1173 645 1267 729 dixi,
1287 643 1333 713 ad

255 767 407 834 animum
429 763 576 832 refertur
602 763 695 846 laus,
721 785 791 830 uon
816 761 861 830 ad
885 763 1013 848 verba,
1037 788 1112 857 quae
1133 779 1331 857 conceptam

257 880 390 950 laudem
410 894 576 974 egerunt,
596 879 686 947 etin
705 878 861 948 notitiam
876 877 1026 971 plurium
1048 881 1220 947 emittunt.
1240 882 1334 946 Lau-

258 999 338 1083 dat,
361 1000 421 1092 qui
444 996 649 1066 laudandum
673 1017 748 1063 csse
761 993 909 1087 jttdioat.
929 994 1046 1087 Quum
1065 997 1233 1090 Tragicos
1249 993 1332 1061 ’ille

257 1113 351 1208 apud
364 1114 504 1196 noscit,
525 1139 542 1177 α
556 1111 778 1206 Magnificum
793 1135 867 1180 esse
880 1108 1012 1179 laudari
1025 1135 1047 1179 n
1059 1109 1195 1181 laudato
1207 1112 1282 1179 viro
1295 1137 1329 1197 ς»

203 1255 231 1306 ¹7
257 1229 357 1299 laude
371 1227 498 1324 digno,
519 1229 579 1296 ait.
599 1231 641 1296 Et
655 1232 762 1320 quum
775 1249 874 1319 aeque
888 1227 1051 1320 antiquus
1069 1218 1195 1296 Poeta³
1212 1228 1280 1307 ait,

492 1406 599 1424 .......
615 1368 681 1422 Laus
692 1369 736 1422 alit
748 1379 830 1433 artes,

257 1516 327 1562 non
345 1490 572 1560 laudationem
590 1487 694 1570 dicit,
711 1511 788 1579 quae
804 1488 992 1582 corrumpit
1005 1504 1096 1558 artes
1109 1516 1117 1555 ε
1131 1490 1220 1557 nihil
1240 1491 1333 1557 euim

258 1633 357 1702 aeque
370 1621 406 1678 ct
420 1607 669 1700 eloquentiam,
686 1620 720 1673 et
733 1628 834 1673 omne
848 1604 944 1673 aliud
958 1606 1107 1675 studium
1122 1607 1263 1676 auribus
1276 1605 1336 1675 de-

259 1728 368 1796 ditum
391 1725 546 1806 vitiavit,
575 1745 676 1817 quam
701 1720 876 1815 popularis
898 1725 1059 1791 assensio.
1084 1725 1188 1792 Fama
1216 1747 1334 1792 vocem

258 1843 378 1934 utique
397 1836 586 1923 desiderat,
609 1837 745 1904 claritas
763 1860 853 1921 uon3
874 1852 985 1930 potest
1000 1838 1093 1906 enirn
1110 1839 1197 1906 citra
1215 1862 1335 1906 vocem

256 1961 474 2054 contingere,
496 1969 655 2024 contenta
667 1953 802 2046 judicio
820 1980 828 2021 ι
845 1955 948 2048 plena
961 1972 1030 2043 cst,
1050 1978 1120 2024 non
1133 1972 1263 2025 tantum
1278 1959 1336 2023 in-

205 2087 233 2139 18
258 2093 310 2146 ter
327 2082 493 2158 tacentes,
513 2071 692 2140 sedetiam
711 2070 805 2138 inter
825 2069 1059 2140 reclamantes.
1079 2073 1177 2165 Quid
1194 2075 1334 2141 intersit

258 2193 349 2259 inter
366 2189 552 2259 claritatem
571 2200 605 2254 et
618 2185 780 2278 gloriam,
801 2182 925 2254 dicam.
943 2187 1064 2257 Gloria
1081 2188 1262 2258 multorum
1273 2188 1336 2281 ju·

260 2305 359 2374 diciis
376 2316 527 2383 constat,
547 2300 683 2370 claritas
701 2299 880 2370 bonorum.

313 2420 466 2513 «Cujus,
482 2418 595 2511 inquit
606 2410 634 2502 ⁴,
649 2416 776 2485 bonum
789 2432 842 2486 est
852 2417 1007 2502 claritas,
1024 2417 1148 2506 idest,
1164 2421 1337 2493 lausbono

261 2537 391 2606 abonis
402 2532 682 2603 redditaiutrum
698 2532 848 2616 laudati,
864 2558 907 2603 an
921 2535 1089 2607 laudantis
1100 2539 1117 2606 P
1128 2565 1145 2602 o
1157 2539 1337 2633 2-Utrius·

262 2677 329 2745 que
347 2678 355 2718 :
372 2673 505 2732 meum,
522 2648 582 2742 qui
598 2639 741 2717 laudor⁵
756 2678 767 2735 3
784 2650 865 2741 quia
878 2666 1000 2720 natura
1017 2677 1071 2720 me
1083 2669 1251 2722 amantem
1265 2678 1338 2722 om·

262 2769 357 2835 nium
376 2764 512 2858 genuit,
533 2777 567 2830 et
584 2761 674 2830 bene
693 2761 814 2830 fecisse
833 2763 990 2856 gaudeo,
1020 2781 1054 2834 et
1075 2782 1189 2860 gratos
1206 2791 1261 2835 me
1278 2767 1340 2834 in-

264 2883 397 2950 venisse
405 2882 568 2950 virtutum
583 2879 790 2970 interpretes
810 2878 919 2948 lator.
944 2884 1019 2950 Hoc
1038 2881 1187 2975 plurium
1211 2882 1338 2951 bonum

265 3011 333 3078 est,
353 2995 446 3089 quod
460 2997 546 3090 grati
560 3009 658 3078 suut,
676 2993 735 3062 sed
750 3011 786 3062 et
799 3020 924 3065 mcum.
942 3000 993 3067 Ita
1010 3001 1103 3068 enim
1118 3002 1230 3068 auimo
1245 3024 1341 3068 com-

265 3114 394 3205 positus
412 3135 506 3193 sum,
525 3125 565 3214 ut
584 3109 729 3178 aliorum
753 3109 880 3180 honum
898 3136 1010 3182 meum
1022 3113 1198 3208 judicem,
1218 3117 1337 3209 utique

266 3388 410 3443 synonyma
431 3369 509 3421 luere.
525 3345 600 3440 Apud
618 3367 674 3420 liv.
692 3367 777 3432 Vlll,
828 3369 907 3448 Epist.
927 3374 960 3427 sd
976 3373 1036 3430 niv.
1049 3377 1084 3442 V,
1099 3396 1128 3429 ιι
1145 3398 1184 3430 ur.
1198 3383 1244 3443 25,
1262 3381 1303 3447 13,
1314 3380 1338 3432 ti.
1440 3436 1443 3445 ,

266 3443 779 3519 immidessuuebresjoceurruntdluhls.
860 3455 884 3506 3.
892 3451 1209 3524 AEpueantipuuspoeta,
1217 3457 1273 3528 qais
1281 3458 1338 3511 lue·

301 3547 322 3579 ι.
334 3526 407 3597 Ergo
416 3529 477 3580 inus
487 3529 594 3578 enirm...
603 3525 746 3576 sentientis.
756 3525 777 3576 l.
827 3527 874 3591 rit,
886 3549 941 3581 non
952 3543 1056 3583 constat.
1065 3529 1158 3584 mat.

266 3607 334 3674 Ergo
342 3604 384 3657 ille
395 3604 469 3657 etiarn
480 3603 523 3672 qui
532 3603 621 3655 tacitus
629 3601 693 3654 bene
702 3601 779 3654 sentit
859 3605 882 3670 ᾧ
896 3609 1111 3679 ΕυῘω,ι“ηφιίε...
1121 3609 1280 3683 Utriusque,
1293 3624 1340 3666 etc.

266 3683 298 3734 de
309 3683 364 3734 viro
376 3682 459 3744 bono,
473 3681 511 3732 illi
520 3679 608 3732 laudes
621 3679 670 3731 det.
827 3685 893 3737 Nem
903 3685 1000 3738 bonum
1011 3707 1088 3740 omne
1099 3688 1187 3752 idest,
1199 3689 1270 3760 quod
1280 3711 1339 3764 pro·

299 3761 600 3832 nQutuntmgirusille,
609 3771 654 3810 etc
664 3757 778 3812 enue-
827 3764 900 3831 dest,
913 3784 961 3817 nec
972 3764 1004 3816 alt
1018 3765 1126 3818 utilitate
1140 3765 1227 3833 distat,
1238 3789 1260 3821 s.
1268 3769 1339 3840 quod

265 3840 353 3904 vium·
373 3837 416 3908 qul
436 3851 548 3910 te¹¹²P⁰fl³
570 3834 698 3908 Sthl⁰¹¹l⁵
718 3835 778 3906 ml·
828 3865 926 3918 semper
937 3857 962 3898 et
971 3846 1026 3899 sine
1037 3846 1176 3899 mutatione
1186 3847 1227 3911 iis,
1239 3850 1286 3918 qni
1295 3869 1340 3902 ra-

265 3917 328 3968 visit
347 3916 448 3978 Rome,
470 3913 558 3986 respici
582 3926 650 3984 putat
673 3912 780 3986 Lipsius.
828 3923 1341 3998 150„pmdffi0untpfodut‚c[,'[ied0.

264 3991 406 4064 Trigoetllls
432 4004 457 4044 ei
482 3989 623 4044 Contoediis
640 3989 781 4043 scribendi!
828 4001 1022 4072 mnnSymm
1035 4003 1075 4060 Π,
1088 4003 1156 4074 1).ᾏὸ
1168 4003 1325 4074 “lq-MR·

264 4075 333 4128 bello
349 4072 441 4147 punico
460 4071 471 4124 l
493 4070 590 4124 celeber
609 4070 663 4121 luit.
684 4069 781 4122 Laudat
862 4084 886 4134 5,
900 4082 1006 4148 Meum,
1022 4085 1070 4150 qm·
1086 4082 1190 4134 laudor.
1206 4083 1256 4133 lut.
1267 4083 1343 4154 quui

265 4153 320 4208 haee
336 4172 350 4205 s
368 4155 466 4207 Seneca
482 4150 589 4206 adducta
602 4148 677 4203 etiarn
691 4149 780 4204 Cicero
829 4160 947 4233 ,criptum
959 4163 1112 4223 assumet,
1125 4161 1284 4232 quitantia.
