2950 4934
153 439 1225 518 W

184 706 479 874 'Nova
524 643 1149 882 FRAGMENTA,

370 1083 437 1149 EX
456 1079 817 1148 Pattntpsssst‘ls
837 1080 1010 1148 ERUTA.

600 1327 789 1355 ψ

556 1625 833 1672 ΡΒΕΙΟΝΙΉΟ.
944 1657 945 1660 ,

200 1761 423 1837 Snonnnutn
444 1765 612 1848 fragmenta
633 1787 669 1827 ex
685 1764 741 1827 illo
764 1764 843 1826 libro
864 1764 1012 1848 exscripta
1033 1776 1116 1840 sunt,
1141 1781 1231 1845 quem
1291 1839 1295 1846 ι

156 1869 200 1931 V.
210 1869 259 1931 lll.
270 1869 308 1930 Β.
326 1867 369 1934 G.
384 1869 533 1945 Niebuhr,
543 1867 580 1934 C.
592 1868 640 1948 F,
656 1891 754 1954 nuper
765 1892 834 1933 cum
849 1870 1028 1952 quibusdam
1042 1867 1110 1931 aliis
1123 1867 1230 1944 edidit,
1277 1942 1280 1948 ¹

158 1973 217 2037 suh
236 1975 296 2036 hoc
315 1974 403 2036 titolo
420 1998 429 2034 ε
447 1975 491 2035 Μ.
516 1975 606 2036 Tullii
625 1977 771 2038 Ciceronis
801 1976 967 2037 Orulionum
986 1997 1038 2057 pro
1056 1975 1102 2036 Μ.
1117 1976 1232 2036 Fonteio

157 2089 189 2140 et
213 2101 266 2161 pro
281 2079 327 2140 ·C.
356 2081 475 2142 Rabirio
489 2080 681 2159 fragmenta,
712 2082 748 2142 Τ.
772 2081 846 2144 Livii·
872 2083 921 2141 tlt.
946 2081 1019 2143 XCI
1037 2083 1232 2161 fragmentum

155 2188 269 2270 plenius
287 2197 318 2246 et
335 2188 533 2261 emendatius,
554 2186 588 2245 L.
613 2186 922 2266 &necotfrugrnentm
943 2209 980 2248 eu
994 2189 1229 2262 membranislii·

158 2293 306 2356 blrhthecoe
330 2293 481 2352 Votieunoe
498 2290 648 2366 (Roman,
673 2291 773 2366 1820,
799 2290 897 2354 Paris.
915 2296 997 2375 apud
1014 2293 1230 2374 bremond),

157 2397 252 2480 paulo
276 2411 346 2480 post
363 2416 455 2478 quam
471 2397 543 2458 Gaii
559 2401 755 2460 Instihmhnes
777 2399 841 2482 ipse
858 2399 1019 2482 reperisset
1040 2401 1116 2461 etin
1133 2397 1231 2463 lucem

159 2503 309 2565 edidisset.
818 2545 823 2552 -

203 2607 277 2672 llaec
293 2606 434 2685 Senecae,
458 2629 541 2689 aeque
557 2629 594 2672 ac
611 2607 775 2676 ‚Ciceronis
797 2623 827 2670 et
844 2611 883 2670 T.
899 2607 977 2672 Livii
993 2609 1178 2694 fragmenta,
1197 2635 1233 2676 ex

160 2716 270 2777 eodem
290 2713 345 2774 illo
364 2714 427 2795 jam
452 2713 548 2775 nobili
571 2713 769 2776 Bibliothecae
793 2713 948 2776 Vaticanae
970 2716 1073 2777 codice
1094 2714 1232 2779 Palatino
1334 2776 1336 2780 Α

160 2819 284 2898 XXIV,
295 2820 404 2885 Tobiae
415 2866 425 2894 ,
436 2819 569 2881 Judithm
581 2865 589 2898 ,
599 2819 676 2881 Jobi
687 2833 776 2901 atque
785 2818 923 2884 Estheris
936 2819 1032 2883 libros
1045 2823 1231 2902 continente,

160 2941 248 2992 eruta
262 2943 347 3000 nint,
363 2949 399 2989 ex
412 2947 472 3008 quo
487 2929 549 3009 jam
561 2939 649 2987 antea
659 2925 698 2986 Τ.
708 2923 789 2988 Livii
803 2923 1009 2988 Historiarum
1022 2927 1137 3010 insigne
1148 2929 1233 3012 frag-

159 3047 297 3095 mentum
311 3033 530 3115 exscripserint
542 3029 653 3093 Paulus
666 3031 814 3093 Bruusius
828 3045 858 3093 et
872 3031 963 3094 Vitus
983 3031 1007 3092 J
1008 3034 1172 3096 uvenatius.

203 3137 273 3201 Suae
293 3139 403 3207 horum
422 3139 661 3222 fragmentorum
687 3137 811 3201 editioni
834 3139 908 3202 satis
933 3139 1076 3223 amplam.
1094 3141 1234 3205 notitiam

160 3245 308 3329 praemisit
321 3244 469 3320 Niebuhr,
490 3244 521 3305 in
535 3265 594 3326 qua
609 3258 770 3327 postquam
789 3244 936 3306 nonnulla
952 3246 1135 3325 monuisset,
1152 3253 1235 3311 etde

162 3349 304 3434 pretiosi,
317 3354 370 3412 sed
380 3351 490 3413 misere
503 3351 611 3423 laceri,
623 3350 736 3413 codicis
747 3351 947 3435 descriptione
958 3395 967 3432 ,
980 3366 1011 3414 et
1023 3353 1236 3418 deuotionibus

162 3457 274 3538 quibus
288 3477 359 3519 usus
373 3455 465 3518 inerit
476 3470 509 3517 ut
521 3455 708 3518 oblitteratas
724 3469 756 3517 et
770 3454 835 3518 iere
847 3457 981 3539 perditas
993 3457 1108 3520 litteras
1119 3475 1239 3522 erueret

165 3577 198 3628 et
210 3564 341 3647 legeret,
357 3566 481 3626 tandem
496 3566 543 3624 ad
554 3563 689 3647 ipsarum
706 3562 887 3626 schedarum
904 3565 1042 3626 notitiam
1058 3567 1193 3643 accedit,
1209 3582 1239 3629 et

164 3671 205 3732 de
215 3670 328 3731 nostris
339 3669 516 3753 fragmentis
527 3668 575 3731 sic>
583 3669 735 3750 loquitur,
749 3667 872 3732 Notitiae
884 3670 916 3730 in
926 3669 997 3732 libri
1010 3670 1140 3733 frontem
1154 3695 1239 3755 prae-

165 3775 269 3838 missae
281 3798 311 3860 p.
330 3775 367 3838 13
383 3801 391 3836 ε
1025 3833 1027 3840 .

210 3909 227 3937 ι
241 3880 346 3943 Prima
359 3881 440 3944 inter
453 3881 522 3943 illas
535 3882 705 3966 (schedas)
719 3867 897 3966 comparent
917 3903 968 3945 sex
982 3882 1056 3944 solia
1071 3903 1107 3944 ex
1125 3883 1242 3946 duobus

165 3988 205 4049 t.
213 3989 321 4050 Arium
334 3990 449 4050 &occu
458 3988 593 4070 scriptis,
605 4009 734 4069 quorum
744 3989 893 4051 memoria
903 3988 1021 4071 penitus
1034 3989 1241 4066 interciderat,

168 4095 284 4180 petita:
295 4117 389 4156 unum
398 4141 408 4171 ,
418 4078 479 4176 q'tm
488 4095 606 4157 initium
619 4094 692 4157 libri
702 4097 737 4156 de
747 4098 809 4156 vitu
816 4097 909 4177 putris
925 4095 1111 4170 continetur,
1128 4096 1244 4178 reliqua

166 4201 302 4283 quinque
310 4203 481 4264 deamicitia
490 4201 721 4284 dispummnem
731 4200 882 4278 exhibent,
891 4223 950 4284 quo
959 4215 1060 4266 tamen
1065 4201 1151 4264 titulo
1160 4202 1249 4264 libel-
