2950 4934
391 453 658 529 EPISTOLA
682 449 824 528 CXIV.
1076 461 1143 551 269

93 605 155 656 ram
171 584 336 681 probant3
352 585 545 656 disturbant
559 587 603 657 de
621 588 805 670 industria,
826 589 854 655 si
872 587 956 680 quid
978 587 1145 681 placidius

94 703 226 787 elllmit3
242 703 363 772 uolunt
377 705 450 772 sine
463 704 597 773 salebra
612 727 686 772 esse
695 705 891 798 juncturam
903 733 914 791 ς
929 704 1061 773 virilem
1076 729 1146 797 pu-

94 836 158 889 tant
168 836 201 888 et
215 822 357 907 sortem,
376 845 452 914 quse
471 845 589 890 aurem
606 821 833 913 inequalitate
851 822 1032 914 percutiat.
1047 822 1158 915 Quo·'

94 936 236 1006 rumdam
251 961 321 1006 non
330 953 381 1005 est
395 939 609 1030 oompositio,
628 938 813 1005 modulatio
827 953 898 1026 ests,
912 938 997 1006 adeo
1010 936 1146 1006 blandi-

96 1070 161 1134 tur,
176 1069 210 1120 et
220 1051 369 1120 molliter
378 1053 517 1122 labitur.
532 1053 628 1145 Quid
641 1051 684 1121 de
698 1048 756 1121 illa
769 1053 901 1145 loquar,
918 1055 954 1122 in
965 1079 1033 1146 qua
1045 1054 1149 1122 verba

94 1167 300 1250 differuntur,
313 1184 365 1249 et,
379 1169 441 1238 diu
449 1185 656 1263 exspectata,
672 1169 780 1237 vixsd
790 1168 957 1238 clausulas
969 1169 1151 1238 'redeunti

93 1284 237 1376 Quidde
252 1284 311 1353 illa
323 1286 362 1352 in
374 1286 467 1356 exitu
482 1285 592 1368 lenta,
608 1286 719 1377 qualis
730 1287 906 1354 Ciceronis
917 1301 986 1366 est,
1002 1286 1147 1368 devexa,

95 1419 127 1471 et
134 1403 278 1470 molliter
286 1401 447 1470 detinens
457 1406 492 1485 ²3
505 1425 570 1470 nec
579 1401 697 1486 aliter,
711 1423 812 1493 quam
825 1397 931 1471 solet³
944 1453 952 1484 ,
970 1403 1014 1469 ad
1024 1408 1152 1471 morem

93 1545 184 1588 suum
198 1516 385 1613 pedemque
397 1517 608 1612 respondeus
618 1519 634 1585 i
644 1521 721 1584 Non
739 1532 868 1586 tantum
883 1519 920 1584 in
939 1539 1063 1611 genere
1076 1543 1153 1586 sen·
1179 1527 1210 1582 rt

93 1639 268 1705 tertiarum
280 1637 401 1704 vitium
417 1649 486 1717 est,
503 1635 532 1702 si
548 1649 608 1702 aut
623 1627 755 1726 pusillae
769 1649 848 1700 aunt
860 1649 894 1701 et
912 1635 1079 1726 pueriles,
1096 1651 1153 1706 aut

93 1751 269 1847 improbas,
293 1765 327 1819 et
344 1751 422 1845 plus
437 1773 552 1834 ausae,
580 1771 680 1841 quam
703 1751 835 1843 pudore
857 1749 948 1817 salvo
968 1749 1068 1837 lice13
1094 1749 1156 1819 sed

93 1870 119 1936 si
136 1867 265 1936 floridas
286 1860 409 1948 sunt⁴,
430 1881 466 1934 et
480 1868 583 1936 nimis
604 1864 741 1954 dulces3
763 1867 845 1933 siin
867 1886 990 1934 vanum
1008 1881 1152 1950 exeunt,

92 1999 142 2070 et,
161 1984 236 2051 sine
249 1983 389 2065 effectu,
406 1981 495 2049 nihil
509 1981 654 2074 amplius
668 2002 770 2074 quam
785 1997 917 2050 sonant.

137 2102 220 2168 Hes
232 2100 314 2167 sitia
323 2122 411 2166 unus
419 2099 543 2190 aliquis
555 2097 703 2183 inducit,
720 2098 860 2189 subque
872 2114 953 2166 tunc
964 2097 1158 2189 eloquentia

91 2232 141 2284 est
153 2242 162 2280 ε
175 2215 289 2284 emtori
299 2216 492 2296 imitantur,
508 2231 543 2282 et
556 2214 642 2282 alter
656 2214 755 2282 alteri
771 2215 921 2282 tradant.
934 2216 990 2283 Sic
1001 2213 1158 2284 Sallustio

92 2333 245 2423 vigente,
265 2345 444 2423 amputate
457 2331 650 2412 sententias,
672 2345 707 2397 et
723 2327 827 2398 verba
840 2345 918 2397 ante
932 2345 1158 2423 exspectatum

94 2445 266 2528 malentis,
287 2461 322 2514 et
342 2444 484 2514 obseura
503 2445 673 2532 brevitas,
696 2446 792 2514 fuere
813 2467 875 2538 pro
897 2445 1002 2514 cultu.
1023 2448 1160 2514 Arrun·
1187 2467 1215 2516 ι7

95 2556 194 2645 tius⁵,
205 2563 263 2629 vir
270 2586 356 2630 rarae
366 2562 581 2656 frugalitatis,
593 2563 653 2654 qui
662 2564 830 2629 Historias
839 2561 917 2628 belli
926 2563 1045 2628 Punici
1053 2562 1161 2654 scrip-

96 2681 155 2758 sit,
174 2679 239 2748 iuit
252 2678 494 2763 Sallustianus,
514 2694 550 2747 et
563 2679 600 2747 in
613 2677 699 2745 illud
713 2701 821 2772 genus
834 2679 945 2746 nitens
956 2671 983 2745 ⁶.
1000 2681 1058 2746 Est
1070 2675 1162 2771 apud

97 2795 313 2863 Sallustium:
329 2796 542 2863 «exereitum
554 2808 697 2888 argento
710 2795 790 2862 iecit
802 2799 837 2880 ²,-
852 2821 868 2858 u
885 2794 921 2862 id
931 2811 1000 2878 est,
1017 2795 1163 2888 pecunia

98 3029 153 3078 trist·
165 3025 312 3098 Oppositus
325 3022 406 3077 oratio
421 3022 552 3094 aqualiter
565 3020 608 3073 in·
656 3038 745 3073 omnes
753 3021 886 3094 ignorant,
896 3021 1017 3074 ablureto
1028 3041 1057 3073 ex
1068 3020 1165 3092 conjece

98 3103 230 3174 grediens,
243 3103 298 3156 Cic.
310 3102 382 3155 Orat.
398 3104 446 3168 58,
461 3101 497 3153 ita
510 3113 539 3153 ut
555 3121 609 3152 non
657 3102 752 3171 adjecta
763 3121 769 3154 ι
781 3121 856 3171 quam
867 3115 951 3154 tamen
958 3141 965 3166 ,
976 3101 1096 3172 quonism
1108 3102 1163 3153 sine

97 3184 130 3234 sit
140 3203 202 3237 mos
220 3183 286 3236 lenis
303 3193 328 3234 et
341 3181 438 3247 fluens,
454 3201 513 3232 mos
526 3179 609 3232 hiulca
657 3180 702 3233 tali
721 3181 831 3252 quadam
849 3182 1028 3251 conjunctione
1047 3180 1088 3233 vix
1102 3181 1165 3232 ratio

99 3274 122 3312 et
133 3281 230 3336 apua.
252 3261 293 3315 CC
308 3257 362 3313 cie.
376 3261 422 3314 Or.
437 3259 483 3324 ὥς
499 3258 610 3329 Quintil.
657 3270 772 3311 tonsura
788 3259 886 3312 videtur
899 3259 1024 3325 orationi,
1035 3258 1108 3312 iseile
1122 3279 1167 3330 ps-

98 3363 130 3414 q,
142 3346 175 3410 4,
193 3345 248 3408 ῲ.
259 3339 353 3392 Ruth.
659 3336 707 3390 tisr
722 3337 817 3390 reduci.
831 3336 913 3390 Scis.

133 3439 156 3471 ι.
167 3417 305 3483 Redemit,
319 3434 374 3467 non
386 3416 538 3478 redduntur,
550 3411 611 3466 libri
692 3419 714 3468 5.
732 3418 884 3470 Arruntius.
899 3415 952 3468 Sub
968 3418 1081 3488 Augusto
1093 3415 1167 3480 visit,

100 3499 178 3552 nostri
190 3517 283 3552 omnes
300 3514 359 3549 eum
370 3493 487 3546 Pineian
499 3505 524 3546 et
536 3492 610 3546 Grut.
658 3494 702 3564 qui
709 3493 778 3546 idam
788 3513 839 3546 esse
849 3494 957 3558 videtur,
966 3493 1040 3564 quis.
1050 3495 1081 3545 U.
1090 3513 1110 3544 e.
1121 3495 1167 3563 73²

100 3578 181 3634 seha.
660 3571 755 3624 Consul
767 3573 830 3636 luit,
851 3586 875 3624 st
893 3571 1010 3645 egregius
1023 3583 1114 3623 oratur.
1130 3571 1170 3622 Ci.

131 3657 304 3721 2.Detirsens,
319 3654 398 3708 iidem
410 3653 470 3707 libri
481 3671 488 3706 ε
501 3672 555 3705 non
566 3656 612 3705 de-
660 3650 733 3703 Voss.
752 3651 783 3702 de
803 3650 922 3702 ilistoria-
934 3649 976 3702 ltt.
992 3649 1017 3709 l,
1035 3649 1080 3712 18,
1094 3669 1124 3722 ps
1137 3669 1169 3720 qo

101 3738 197 3798 tumes,
206 3736 277 3808 quod
289 3747 326 3788 est
336 3733 368 3787 ab
379 3735 494 3786 Emtae.
504 3731 585 3786 Scio.
661 3747 698 3798 tq.
709 3727 750 3782 ed.
761 3730 816 3782 irai.
827 3729 917 3780 Ilublr.

133 3813 158 3865 ³.
168 3815 225 3870 Nec
235 3818 324 3875 aliter,
336 3832 418 3883 quom
428 3815 501 3864 solet.
509 3811 559 3860 lat.
570 3828 614 3861 eo·
694 3808 719 3861 6.
731 3809 767 3860 In
776 3811 931 3877 illudgenus
942 3809 1034 3860 nitens.
1047 3804 1066 3855 l·
1076 3803 1115 3856 illi
1126 3823 1172 3876 ge·

102 3890 159 3942 dem
169 3913 270 3965 semper
279 3891 378 3944 incessu
387 3889 525 3963 procedens
534 3906 615 3959 :saeps
663 3886 718 3938 neri
725 3904 828 3956 oporam
839 3886 901 3938 dans
912 3902 920 3938 t
931 3883 1099 3938 llorstianum
1108 3883 1172 3934 illud

103 3969 223 4026 Cimoni
235 3969 411 4045 exprobratum
421 3969 481 4032 luit,
495 3969 565 4038 quad
577 3966 615 4019 il·
665 3967 795 4019 «nitimur
806 3967 834 4020 in
844 3966 962 4031 vetitum,
975 3985 989 4012 s
1000 3963 1170 4023 ailertGrut..

102 4045 152 4100 lius
161 4048 345 4123 compositioni
355 4046 452 4101 deesset
461 4045 577 4100 armates.
665 4063 697 4096 ne
709 4063 767 4097 eum
782 4047 884 4097 Mureto
900 4065 915 4096 s
932 4048 998 4096 nitro
1009 4043 1126 4095 deducas.
1137 4041 1173 4092 Ji.

136 4129 162 4192 4·
175 4128 232 4182 Sed
246 4133 273 4183 si
280 4129 387 4200 florida
406 4135 473 4178 suat·
492 4124 616 4177 Dubitari
698 4147 721 4194 7.
739 4123 894 4178 Emrritmn
907 4134 1012 4192 urgento
1020 4123 1091 4196 jecit.
1106 4121 1175 4174 lluie

105 4209 136 4260 de
150 4211 271 4282 particula
283 4211 345 4275 sed,
360 4227 437 4280 quam
450 4220 545 4260 veteres
555 4201 616 4257 libri
666 4203 780 4258 Sallustii
796 4203 927 4257 sententiat
945 4215 968 4254 et
981 4201 1096 4273 sequenti
1110 4199 1175 4251 Cor·
