2950 4934
273 392 340 486 276
444 465 448 474 ,
556 393 596 460 c.
622 387 806 460 arunt
830 385 1046 458 sannen

269 519 464 589 humanitas
490 517 639 602 bonum,
665 517 883 614 splendorem
908 517 959 586 illi
985 542 1083 588 suum
1106 516 1345 588 effimderentl

229 646 245 708 t
269 641 359 705 Tum
371 633 604 732 providentia,
623 650 694 704 tum
709 634 899 732 elegantia,
916 651 952 704 et
968 657 1011 704 er
1026 635 1100 706 istis
1121 637 1349 728 magnanimi·

270 769 320 821 tas
330 753 613 837 eminentissima,
627 767 811 846 quantum,
824 752 881 822 Dii
891 750 973 822 boni
981 801 993 836 ,
1008 751 1142 822 decoris
1151 751 1222 836 illi,
1240 772 1350 844 quan-

269 887 341 938 tum
359 869 523 966 ponderis
540 871 788 963 gravitatisque
806 865 992 938 adderent!
1016 885 1143 962 quanta
1163 884 1252 938 esset
1270 893 1349 938 cum

271 987 380 1081 gratia
395 983 598 1056 auctoritas!
614 989 722 1056 Nemo
739 987 832 1056 illam
844 998 852 1034 ¹
866 986 1070 1072 amabilem,
1087 987 1147 1079 qui
1163 1009 1233 1056 non
1247 983 1349 1054 simul

269 1101 521 1185 venerabilem,
540 1101 686 1172 diceret.
705 1104 742 1172 Si
757 1104 834 1195 quis
848 1103 975 1172 viderit
987 1103 1078 1174 hanc
1091 1103 1228 1186 taciem,
1249 1102 1351 1172 altio-

269 1239 341 1283 rem
352 1214 661 1310 fulgentioremque
671 1239 773 1310 quam
784 1218 877 1286 cerni
892 1218 982 1286 inter
993 1218 1143 1288 bumana
1153 1218 1348 1302 consuerit3

190 1393 209 1416 ,
270 1355 405 1416 nonne,
435 1331 530 1402 velut
555 1333 705 1402 numinis
724 1354 888 1416 occursu,
916 1331 1170 1427 obstupefactus
1192 1333 1347 1414 resistat,

228 1458 243 1508 5
269 1463 322 1533 et,
344 1462 383 1516 ut
399 1447 449 1518 fas
463 1450 509 1518 sit
524 1448 693 1536 vidisee²,
715 1452 838 1530 tacitus
850 1451 1035 1544 precetur?
1052 1466 1141 1532 tnm,
1160 1443 1350 1518 'evocante

269 1566 344 1658 ipse
355 1565 469 1634 vultus
486 1566 716 1660 benignitate,
736 1559 945 1662 productue⁴
963 1547 1084 1637 adoret
1098 1589 1139 1634 ac
1156 1565 1348 1659 supplicet,

270 1693 323 1764 et,
339 1677 399 1749 diu
412 1683 660 1777 contemplatus
677 1683 821 1753 multum
836 1700 1044 1768 exstantem,
1062 1707 1236 1776 supraque
1252 1705 1350 1750 men-

271 1822 384 1867 suram
402 1799 577 1870 solitorum
601 1803 774 1870 internos
796 1803 903 1896 aspici
927 1800 1080 1885 elatam,
1105 1799 1212 1871 oculis
1235 1850 1245 1883 ,
1270 1800 1352 1866 mite

271 1911 436 2005 quiddam
452 1907 486 1999 ⁵,
512 1914 573 1983 sed
596 1915 822 1986 nibilominus
847 1915 960 1986 vivido
986 1917 1067 2010 igne
1095 1913 1350 2008 llagmntibus3

272 2045 354 2099 tunc
367 2023 517 2100 deinde⁶
532 2031 624 2102 illam
638 2033 775 2129 Virgilii
791 2035 897 2104 nostri
909 2057 1026 2103 vocem
1042 2056 1167 2102 verens
1181 2048 1288 2125 atque
1301 2048 1353 2102 at·

272 2149 401 2217 tonitus
414 2149 568 2218 omittat:

409 2287 570 2362 (liquente
581 2309 737 2358 memorem,
750 2289 842 2364 virgo?
851 2309 960 2360 nemque
973 2289 1041 2344 baud
1053 2289 1099 2344 tibi
1109 2289 1209 2345 voltus²

407 2373 543 2441 Mortalis,
557 2395 605 2430 nee
615 2395 663 2428 vox
676 2375 808 2430 bominem
820 2389 901 2430 sonet.
913 2378 938 2432 0
949 2375 1005 2430 Des
1017 2375 1116 2430 certell

406 2460 449 2514 Sis
457 2459 536 2526 lelixg
548 2472 713 2532 nostrumque
723 2461 791 2516 leves
802 2481 969 2533 quercumque
980 2459 1106 2516 laborem!

307 2648 328 2682 r.
340 2625 434 2680 Illam.
450 2625 492 2680 Se·
508 2624 609 2678 lseiern.
626 2623 670 2677 Sic
680 2624 752 2677 Pine.
765 2637 789 2678 et
871 2625 895 2678 ³.
901 2625 979 2692 Tum,
990 2637 1109 2681 evocante
1119 2631 1188 2698 ipsu.
1198 2627 1354 2699 Sicantiqua

274 2701 774 2760 Gmrsrieodd.eatee:tttsm.1tatk.
838 2701 916 2755 editio
936 2715 961 2755 et
978 2703 1096 2756 nonnulli
1113 2704 1188 2757 codd.
1200 2724 1240 2778 ep.
1252 2705 1355 2758 Gruter.

306 2785 643 2857 s.Et,utsassits¹ids'sse.
653 2783 673 2833 l.
683 2802 706 2834 e.
717 2793 743 2836 et
753 2783 789 2843 ,si
838 2779 958 2833 Erasmus
974 2801 982 2836 a
999 2779 1100 2835 Tamen
1120 2793 1238 2836 notante
1259 2787 1355 2850 ipsum.

273 2882 400 2940 supponas
407 2861 530 2938 permitti,
542 2859 703 2914 ete-Hand
711 2859 790 2914 dubie
839 2861 973 2914 Muretus:
990 2859 1057 2913 Tum
1070 2871 1187 2915 evocante
1197 2865 1296 2930 ipsum.
1309 2862 1356 2914 Li-

272 2943 381 3016 reeperit
392 2953 477 2995 noster
490 2939 523 2992 ed
534 2939 606 2992 illem
619 2951 705 2991 notam
717 2938 789 2992 enti·
839 2938 920 3013 psiusr
933 2939 1001 2992 Tum
1008 2941 1149 2994 advocante
1155 2943 1256 3007 ipsum,
1268 2939 1355 2992 nucia

274 3018 377 3090 quitatis
391 3017 555 3092 opinionem,
567 3028 593 3070 et
604 3013 665 3068 deos
680 3015 789 3068 inrisere
837 3015 917 3068 nude.
927 3017 1018 3070 flunt.

274 3097 402 3160 borsines,
415 3108 441 3148 et
450 3095 578 3148 interdurn
588 3112 615 3146 se
625 3093 690 3146 visui
701 3111 789 3146 eorum
871 3093 896 3158 l.
908 3095 1064 3150 Productus.
1076 3093 1111 3146 llt
1124 3093 1193 3146 bono
1205 3093 1237 3146 sit
1248 3093 1355 3160 animo,

274 3175 400 3249 subjicere
410 3193 456 3228 sue
465 3172 563 3247 speeie,
573 3171 650 3242 idque
669 3191 723 3223 non
735 3170 790 3224 sine
839 3185 909 3226 metu
919 3174 991 3227 omni
1002 3175 1095 3246 rejecto
1107 3174 1213 3246 prodest
1223 3173 1257 3226 ed
1274 3173 1355 3226 illem.

276 3253 365 3307 mortis
373 3251 496 3326 periculo:
504 3249 566 3304 binc
574 3250 655 3304 lucem
663 3249 792 3324 accipiunt
840 3251 969 3306 Describit
980 3265 1064 3305 entem
1076 3265 1105 3305 nt
1117 3253 1217 3318 Deam,
1231 3253 1355 3324 majorem

275 3326 790 3402 els·teeituspreeetrsr.Cl.lleyniiE¹eurs.
841 3343 866 3384 et
877 3332 1026 3403 ampliorem
1044 3332 1117 3385 oanni
1131 3331 1243 3386 humens
1255 3331 1355 3406 speeie;

277 3409 310 3462 etl
322 3408 394 3480 virg.
405 3408 469 3460 AEn.
482 3407 509 3470 l,
521 3408 570 3473 tos
580 3425 618 3477 sq.
628 3405 704 3459 lb-
712 3406 792 3480 Apud
840 3409 879 3463 uti
888 3409 1085 3482 DiiDesequese
1093 3411 1286 3486 conspiciendos
1296 3412 1356 3464 dere

276 3484 380 3540 Livium
390 3484 474 3540 libl:
486 3505 502 3532 e
510 3483 647 3547 Proculas,
657 3497 791 3559 conspecto
840 3487 958 3542 solerent.
970 3488 1010 3541 Cl'.
1024 3489 1156 3562 lleynium
1168 3489 1186 3542 l.
1198 3489 1215 3542 l.
1229 3487 1322 3544 nant.

277 3564 401 3629 Romulo,
413 3563 609 3618 venerebundus
616 3562 723 3626 adstitit,
733 3585 791 3636 pre·
875 3569 898 3620 5.
910 3567 978 3620 Mtte
986 3569 1124 3636 quiddam.
1135 3567 1242 3622 Restitui
1255 3589 1284 3621 ex
1296 3581 1356 3621 vett

277 3641 348 3698 cibus
364 3657 469 3718 petens,
495 3654 628 3695 utcontra
646 3641 739 3694 intueri
755 3645 792 3696 les
841 3644 920 3698 libris.
931 3647 999 3700 Mite
1009 3649 1115 3716 quidem
1128 3647 1168 3700 ed.
1178 3647 1245 3700 ttur.
1254 3661 1356 3719 etseqq.

277 3734 365 3776 esset.»
374 3720 791 3792 EtL.Vitelliusinl)ione,qunm
840 3723 907 3777 Min·
916 3727 1022 3793 quidem
1036 3725 1075 3779 ed.
1087 3725 1172 3778 ttuht.
1183 3725 1264 3781 Sele.

278 3800 395 3874 Caligula
402 3813 523 3872 rogesset,
530 3797 650 3871 «Ecquid
655 3818 714 3852 curn
720 3801 794 3856 bane
872 3801 897 3856 6.
909 3803 981 3856 Tunc
988 3805 1088 3858 deinde.
1098 3805 1141 3858 stc
1149 3826 1176 3857 a.
1187 3823 1208 3858 c.
1217 3808 1253 3860 A.
1265 3819 1291 3860 et
1300 3807 1356 3860 Pel.

277 3877 484 3953 congredientem
502 3897 529 3930 se
546 3874 673 3932 vidisset?
688 3876 793 3950 abjectis
843 3897 871 3942 a,
884 3877 909 3929 3.
922 3879 1008 3952 Vulgo
1020 3890 1076 3932 tum
1088 3883 1202 3936 densum.
1214 3881 1298 3938 Setun.

208 3999 223 4010 .
276 3955 793 4022 interremoculiszNarnvobislliis,1lo·
876 3977 897 4024 7.
909 3957 1284 4032 Vultusllirgiliiversussunt
1293 3961 1359 4016 AEn.

276 4034 359 4096 mitre,
370 4035 469 4105 inquit,
481 4033 542 4086 solis
554 4034 618 4086 inter
630 4053 674 4088 eos
687 4035 744 4088 licet
753 4035 792 4088 vi·
844 4037 872 4100 l,
886 4035 932 4108 ³²⁷
943 4055 981 4108 sq.
994 4037 1082 4092 naht.

276 4113 344 4166 dere.
353 4135 367 4159 s
381 4113 455 4180 [sps.
875 4116 897 4164 ll.
917 4115 942 4166 0
954 4115 1015 4169 Dea
1027 4120 1107 4172 eertel
1122 4119 1150 4170 ln
1162 4139 1237 4172 versu
1251 4121 1356 4194 Virgilii
