<?xml version="1.0" encoding="UTF-8"?>
<!DOCTYPE html PUBLIC "-//W3C//DTD XHTML 1.0 Transitional//EN"
    "http://www.w3.org/TR/xhtml1/DTD/xhtml1-transitional.dtd">
<html xmlns="http://www.w3.org/1999/xhtml" xml:lang="en" lang="en">
 <head>
  <title>
</title>
<meta http-equiv="Content-Type" content="text/html;charset=utf-8" />
  <meta name='ocr-system' content='tesseract 3.04.00' />
  <meta name='ocr-capabilities' content='ocr_page ocr_carea ocr_par ocr_line ocrx_word'/>
</head>
<body>
  <div class='ocr_page' id='page_1' title='image "./lannsenecparspr04bouigoog_0038.png"; bbox 0 0 2950 4934; ppageno 0'>
   <div class='ocr_carea' id='block_1_1' title="bbox 315 421 1096 494">
    <p class='ocr_par' dir='ltr' id='par_1_1' title="bbox 315 421 1096 494">
     <span class='ocr_line' id='line_1_1' title="bbox 315 421 1096 494; baseline 0.003 -1"><span class='ocrx_word' id='word_1_1' title='bbox 315 423 358 493; x_wconf 78' lang='lat'><strong>26</strong></span> <span class='ocrx_word' id='word_1_2' title='bbox 608 421 649 490; x_wconf 88' lang='lat' dir='ltr'><strong>L.</strong></span> <span class='ocrx_word' id='word_1_3' title='bbox 680 422 856 492; x_wconf 83' lang='lat' dir='ltr'><strong>ANNAEI</strong></span> <span class='ocrx_word' id='word_1_4' title='bbox 879 423 1096 494; x_wconf 85' lang='lat' dir='ltr'><strong>SENECAE</strong></span> 
     </span>
    </p>
   </div>
   <div class='ocr_carea' id='block_1_2' title="bbox 220 551 1447 2754">
    <p class='ocr_par' dir='ltr' id='par_1_2' title="bbox 220 551 1447 2754">
     <span class='ocr_line' id='line_1_2' title="bbox 256 551 1397 650; baseline 0.008 -30"><span class='ocrx_word' id='word_1_5' title='bbox 256 587 285 621; x_wconf 60' lang='grc' dir='ltr'><strong>αι</strong></span> <span class='ocrx_word' id='word_1_6' title='bbox 302 551 410 644; x_wconf 76' lang='lat' dir='ltr'><strong>¹Quid</strong></span> <span class='ocrx_word' id='word_1_7' title='bbox 421 551 450 618; x_wconf 91' lang='lat' dir='ltr'><strong>si</strong></span> <span class='ocrx_word' id='word_1_8' title='bbox 465 551 663 644; x_wconf 71' lang='lat' dir='ltr'><strong>contigisset</strong></span> <span class='ocrx_word' id='word_1_9' title='bbox 678 553 730 622; x_wconf 91' lang='lat' dir='ltr'><strong>illi</strong></span> <span class='ocrx_word' id='word_1_10' title='bbox 745 551 893 633; x_wconf 79' lang='lat' dir='ltr'><strong>addere¹</strong></span> <span class='ocrx_word' id='word_1_11' title='bbox 913 555 976 626; x_wconf 86' lang='lat' dir='ltr'><strong>bus</strong></span> <span class='ocrx_word' id='word_1_12' title='bbox 989 558 1098 627; x_wconf 86' lang='lat' dir='ltr'><strong>nostri</strong></span> <span class='ocrx_word' id='word_1_13' title='bbox 1112 559 1277 650; x_wconf 83' lang='lat' dir='ltr'><strong>temporis</strong></span> <span class='ocrx_word' id='word_1_14' title='bbox 1288 560 1397 645; x_wconf 79' lang='lat' dir='ltr'><strong>telas,</strong></span> 
     </span>
     <span class='ocr_line' id='line_1_3' title="bbox 312 669 1401 766; baseline 0.007 -28"><span class='ocrx_word' id='word_1_15' title='bbox 312 671 438 765; x_wconf 88' lang='lat' dir='ltr'><strong>quibus</strong></span> <span class='ocrx_word' id='word_1_16' title='bbox 454 669 558 747; x_wconf 71' lang='lat' dir='ltr'><strong>restis</strong></span> <span class='ocrx_word' id='word_1_17' title='bbox 576 669 665 741; x_wconf 92' lang='lat' dir='ltr'><strong>nibil</strong></span> <span class='ocrx_word' id='word_1_18' title='bbox 682 669 857 742; x_wconf 80' lang='lat' dir='ltr'><strong>celatura²</strong></span> <span class='ocrx_word' id='word_1_19' title='bbox 877 673 1072 756; x_wconf 84' lang='lat' dir='ltr'><strong>conficitur,</strong></span> <span class='ocrx_word' id='word_1_20' title='bbox 1093 676 1131 742; x_wconf 91' lang='lat' dir='ltr'><strong>in</strong></span> <span class='ocrx_word' id='word_1_21' title='bbox 1148 700 1217 766; x_wconf 83' lang='lat' dir='ltr'><strong>qus</strong></span> <span class='ocrx_word' id='word_1_22' title='bbox 1231 700 1301 745; x_wconf 93' lang='lat' dir='ltr'><strong>non</strong></span> <span class='ocrx_word' id='word_1_23' title='bbox 1318 670 1401 746; x_wconf 87' lang='lat' dir='ltr'><strong>dico</strong></span> 
     </span>
     <span class='ocr_line' id='line_1_4' title="bbox 312 785 1403 884; baseline 0.005 -30"><span class='ocrx_word' id='word_1_24' title='bbox 312 785 444 866; x_wconf 82' lang='lat' dir='ltr'><strong>nullum</strong></span> <span class='ocrx_word' id='word_1_25' title='bbox 461 787 595 879; x_wconf 84' lang='lat' dir='ltr'><strong>corpori</strong></span> <span class='ocrx_word' id='word_1_26' title='bbox 608 788 792 870; x_wconf 81' lang='lat' dir='ltr'><strong>auxilium,</strong></span> <span class='ocrx_word' id='word_1_27' title='bbox 809 787 870 858; x_wconf 86' lang='lat' dir='ltr'><strong>sed</strong></span> <span class='ocrx_word' id='word_1_28' title='bbox 882 788 1015 858; x_wconf 90' lang='lat' dir='ltr'><strong>nullum</strong></span> <span class='ocrx_word' id='word_1_29' title='bbox 1028 788 1155 884; x_wconf 90' lang='lat' dir='ltr'><strong>pudori</strong></span> <span class='ocrx_word' id='word_1_30' title='bbox 1168 793 1242 859; x_wconf 78' lang='lat' dir='ltr'><strong>est?</strong></span> <span class='ocrx_word' id='word_1_31' title='bbox 1255 793 1403 860; x_wconf 83' lang='lat' dir='ltr'><strong>Transit</strong></span> 
     </span>
     <span class='ocr_line' id='line_1_5' title="bbox 313 901 1402 1001; baseline 0.005 -29"><span class='ocrx_word' id='word_1_32' title='bbox 313 901 440 975; x_wconf 87' lang='lat' dir='ltr'><strong>deiude</strong></span> <span class='ocrx_word' id='word_1_33' title='bbox 459 903 503 972; x_wconf 82' lang='lat' dir='ltr'><strong>ad</strong></span> <span class='ocrx_word' id='word_1_34' title='bbox 522 905 711 996; x_wconf 81' lang='lat' dir='ltr'><strong>agricolas,</strong></span> <span class='ocrx_word' id='word_1_35' title='bbox 726 929 805 988; x_wconf 52' lang='lat' dir='ltr'><strong>‚nec</strong></span> <span class='ocrx_word' id='word_1_36' title='bbox 831 907 945 978; x_wconf 89' lang='lat' dir='ltr'><strong>minus</strong></span> <span class='ocrx_word' id='word_1_37' title='bbox 967 904 1114 976; x_wconf 75' lang='lat' dir='ltr'><strong>facunde</strong></span> <span class='ocrx_word' id='word_1_38' title='bbox 1133 906 1299 976; x_wconf 72' lang='lat' dir='ltr'>describit</span> <span class='ocrx_word' id='word_1_39' title='bbox 1315 933 1402 1001; x_wconf 87' lang='lat' dir='ltr'><strong>pro-</strong></span> 
     </span>
     <span class='ocr_line' id='line_1_6' title="bbox 314 1013 1401 1114; baseline 0.003 -24"><span class='ocrx_word' id='word_1_40' title='bbox 314 1020 454 1102; x_wconf 79' lang='lat' dir='ltr'><strong>scissum</strong></span> <span class='ocrx_word' id='word_1_41' title='bbox 463 1037 576 1092; x_wconf 76' lang='lat' dir='ltr'><strong>aratro</strong></span> <span class='ocrx_word' id='word_1_42' title='bbox 590 1021 698 1101; x_wconf 85' lang='lat' dir='ltr'><strong>solum</strong></span> <span class='ocrx_word' id='word_1_43' title='bbox 709 1072 719 1104; x_wconf 95' lang='lat'><strong>,</strong></span> <span class='ocrx_word' id='word_1_44' title='bbox 732 1037 767 1089; x_wconf 87' lang='lat' dir='ltr'><strong>et</strong></span> <span class='ocrx_word' id='word_1_45' title='bbox 781 1022 941 1090; x_wconf 86' lang='lat' dir='ltr'><strong>iteratum</strong></span> <span class='ocrx_word' id='word_1_46' title='bbox 951 1013 978 1104; x_wconf 77' lang='lat'><strong>³,</strong></span> <span class='ocrx_word' id='word_1_47' title='bbox 996 1047 1066 1114; x_wconf 85' lang='lat' dir='ltr'><strong>quo</strong></span> <span class='ocrx_word' id='word_1_48' title='bbox 1082 1022 1226 1094; x_wconf 88' lang='lat' dir='ltr'><strong>solutior</strong></span> <span class='ocrx_word' id='word_1_49' title='bbox 1239 1039 1332 1092; x_wconf 79' lang='lat' dir='ltr'><strong>term</strong></span> <span class='ocrx_word' id='word_1_50' title='bbox 1347 1025 1401 1093; x_wconf 83' lang='lat' dir='ltr'><strong>fa-</strong></span> 
     </span>
     <span class='ocr_line' id='line_1_7' title="bbox 313 1137 1400 1234; baseline 0.003 -26"><span class='ocrx_word' id='word_1_51' title='bbox 313 1137 413 1208; x_wconf 81' lang='lat' dir='ltr'><strong>cilius</strong></span> <span class='ocrx_word' id='word_1_52' title='bbox 430 1153 547 1231; x_wconf 87' lang='lat' dir='ltr'><strong>puteat</strong></span> <span class='ocrx_word' id='word_1_53' title='bbox 562 1138 756 1224; x_wconf 70' lang='lat' dir='ltr'><strong>radicibus,</strong></span> <span class='ocrx_word' id='word_1_54' title='bbox 775 1154 859 1208; x_wconf 89' lang='lat' dir='ltr'><strong>tunc</strong></span> <span class='ocrx_word' id='word_1_55' title='bbox 876 1162 994 1234; x_wconf 86' lang='lat' dir='ltr'><strong>sparsa</strong></span> <span class='ocrx_word' id='word_1_56' title='bbox 1011 1140 1164 1223; x_wconf 86' lang='lat' dir='ltr'><strong>semina,</strong></span> <span class='ocrx_word' id='word_1_57' title='bbox 1185 1154 1221 1208; x_wconf 91' lang='lat' dir='ltr'><strong>et</strong></span> <span class='ocrx_word' id='word_1_58' title='bbox 1237 1141 1400 1211; x_wconf 79' lang='lat' dir='ltr'><strong>collectas</strong></span> 
     </span>
     <span class='ocr_line' id='line_1_8' title="bbox 313 1249 1396 1347; baseline 0.002 -25"><span class='ocrx_word' id='word_1_59' title='bbox 313 1274 416 1322; x_wconf 79' lang='lat' dir='ltr'><strong>manu</strong></span> <span class='ocrx_word' id='word_1_60' title='bbox 433 1249 580 1334; x_wconf 78' lang='lat' dir='ltr'><strong>herbas,</strong></span> <span class='ocrx_word' id='word_1_61' title='bbox 601 1251 749 1345; x_wconf 84' lang='lat' dir='ltr'><strong>nequid</strong></span> <span class='ocrx_word' id='word_1_62' title='bbox 769 1252 946 1322; x_wconf 82' lang='lat' dir='ltr'><strong>fortuitum</strong></span> <span class='ocrx_word' id='word_1_63' title='bbox 970 1268 1005 1322; x_wconf 88' lang='lat' dir='ltr'><strong>et</strong></span> <span class='ocrx_word' id='word_1_64' title='bbox 1027 1269 1164 1347; x_wconf 78' lang='lat' dir='ltr'><strong>agreste</strong></span> <span class='ocrx_word' id='word_1_65' title='bbox 1181 1272 1396 1338; x_wconf 73' lang='lat' dir='ltr'><strong>succrescat,</strong></span> 
     </span>
     <span class='ocr_line' id='line_1_9' title="bbox 314 1363 1401 1466; baseline 0.006 -30"><span class='ocrx_word' id='word_1_66' title='bbox 314 1363 406 1458; x_wconf 88' lang='lat' dir='ltr'><strong>quod</strong></span> <span class='ocrx_word' id='word_1_67' title='bbox 424 1382 523 1436; x_wconf 81' lang='lat' dir='ltr'><strong>necet</strong></span> <span class='ocrx_word' id='word_1_68' title='bbox 541 1382 704 1461; x_wconf 78' lang='lat' dir='ltr'><strong>segetem.</strong></span> <span class='ocrx_word' id='word_1_69' title='bbox 733 1370 807 1436; x_wconf 88' lang='lat' dir='ltr'><strong>Hoc</strong></span> <span class='ocrx_word' id='word_1_70' title='bbox 825 1393 964 1462; x_wconf 89' lang='lat' dir='ltr'><strong>quoque</strong></span> <span class='ocrx_word' id='word_1_71' title='bbox 990 1371 1076 1463; x_wconf 87' lang='lat' dir='ltr'><strong>opus</strong></span> <span class='ocrx_word' id='word_1_72' title='bbox 1093 1371 1143 1440; x_wconf 88' lang='lat' dir='ltr'><strong>ait</strong></span> <span class='ocrx_word' id='word_1_73' title='bbox 1166 1394 1240 1439; x_wconf 84' lang='lat' dir='ltr'><strong>esse</strong></span> <span class='ocrx_word' id='word_1_74' title='bbox 1265 1374 1401 1466; x_wconf 84' lang='lat' dir='ltr'><strong>sapien-</strong></span> 
     </span>
     <span class='ocr_line' id='line_1_10' title="bbox 313 1483 1401 1583; baseline 0.006 -33"><span class='ocrx_word' id='word_1_75' title='bbox 313 1483 417 1568; x_wconf 71' lang='lat' dir='ltr'><strong>tium,</strong></span> <span class='ocrx_word' id='word_1_76' title='bbox 437 1498 599 1577; x_wconf 83' lang='lat' dir='ltr'><strong>tauquam</strong></span> <span class='ocrx_word' id='word_1_77' title='bbox 617 1508 686 1562; x_wconf 86' lang='lat' dir='ltr'><strong>nou</strong></span> <span class='ocrx_word' id='word_1_78' title='bbox 705 1509 800 1557; x_wconf 88' lang='lat' dir='ltr'><strong>nuuc</strong></span> <span class='ocrx_word' id='word_1_79' title='bbox 815 1509 953 1578; x_wconf 89' lang='lat' dir='ltr'><strong>quoque</strong></span> <span class='ocrx_word' id='word_1_80' title='bbox 966 1485 1114 1579; x_wconf 83' lang='lat' dir='ltr'><strong>plurima</strong></span> <span class='ocrx_word' id='word_1_81' title='bbox 1130 1487 1279 1557; x_wconf 87' lang='lat' dir='ltr'><strong>cultores</strong></span> <span class='ocrx_word' id='word_1_82' title='bbox 1294 1513 1401 1583; x_wconf 76' lang='lat' dir='ltr'><strong>egro-</strong></span> 
     </span>
     <span class='ocr_line' id='line_1_11' title="bbox 256 1603 1400 1698; baseline 0.008 -31"><span class='ocrx_word' id='word_1_83' title='bbox 256 1627 286 1660; x_wconf 79' lang='lat' dir='ltr'><strong>ss</strong></span> <span class='ocrx_word' id='word_1_84' title='bbox 314 1625 390 1668; x_wconf 90' lang='lat' dir='ltr'><strong>rum</strong></span> <span class='ocrx_word' id='word_1_85' title='bbox 408 1625 497 1669; x_wconf 88' lang='lat' dir='ltr'><strong>nova</strong></span> <span class='ocrx_word' id='word_1_86' title='bbox 513 1603 707 1684; x_wconf 87' lang='lat' dir='ltr'><strong>inveniant,</strong></span> <span class='ocrx_word' id='word_1_87' title='bbox 725 1626 789 1696; x_wconf 86' lang='lat' dir='ltr'><strong>per</strong></span> <span class='ocrx_word' id='word_1_88' title='bbox 803 1626 880 1694; x_wconf 78' lang='lat' dir='ltr'><strong>quae</strong></span> <span class='ocrx_word' id='word_1_89' title='bbox 893 1603 1051 1674; x_wconf 69' lang='lat' dir='ltr'><strong>fertilitas</strong></span> <span class='ocrx_word' id='word_1_90' title='bbox 1064 1620 1244 1698; x_wconf 73' lang='lat' dir='ltr'><strong>augeatur.</strong></span> <span class='ocrx_word' id='word_1_91' title='bbox 1260 1605 1400 1676; x_wconf 81' lang='lat' dir='ltr'><strong>Deinde</strong></span> 
     </span>
     <span class='ocr_line' id='line_1_12' title="bbox 315 1716 1401 1817; baseline 0.006 -33"><span class='ocrx_word' id='word_1_92' title='bbox 315 1741 383 1784; x_wconf 94' lang='lat' dir='ltr'><strong>non</strong></span> <span class='ocrx_word' id='word_1_93' title='bbox 407 1733 458 1785; x_wconf 85' lang='lat' dir='ltr'><strong>est</strong></span> <span class='ocrx_word' id='word_1_94' title='bbox 475 1732 654 1785; x_wconf 88' lang='lat' dir='ltr'><strong>contentus</strong></span> <span class='ocrx_word' id='word_1_95' title='bbox 679 1716 734 1785; x_wconf 88' lang='lat' dir='ltr'><strong>bis</strong></span> <span class='ocrx_word' id='word_1_96' title='bbox 757 1719 907 1806; x_wconf 83' lang='lat' dir='ltr'><strong>artibus,</strong></span> <span class='ocrx_word' id='word_1_97' title='bbox 927 1718 987 1789; x_wconf 86' lang='lat' dir='ltr'><strong>sed</strong></span> <span class='ocrx_word' id='word_1_98' title='bbox 1006 1721 1044 1790; x_wconf 91' lang='lat' dir='ltr'><strong>in</strong></span> <span class='ocrx_word' id='word_1_99' title='bbox 1060 1721 1243 1814; x_wconf 85' lang='lat' dir='ltr'><strong>pistrinum</strong></span> <span class='ocrx_word' id='word_1_100' title='bbox 1263 1723 1401 1817; x_wconf 87' lang='lat' dir='ltr'><strong>sapien·</strong></span> 
     </span>
     <span class='ocr_line' id='line_1_13' title="bbox 315 1834 1401 1929; baseline 0.006 -29"><span class='ocrx_word' id='word_1_101' title='bbox 315 1849 383 1901; x_wconf 86' lang='lat' dir='ltr'><strong>tem</strong></span> <span class='ocrx_word' id='word_1_102' title='bbox 402 1834 582 1902; x_wconf 84' lang='lat' dir='ltr'><strong>submittit.</strong></span> <span class='ocrx_word' id='word_1_103' title='bbox 603 1837 727 1903; x_wconf 89' lang='lat' dir='ltr'><strong>Narrat</strong></span> <span class='ocrx_word' id='word_1_104' title='bbox 741 1837 855 1919; x_wconf 85' lang='lat' dir='ltr'><strong>cuim,</strong></span> <span class='ocrx_word' id='word_1_105' title='bbox 873 1835 1183 1929; x_wconf 89' lang='lat' dir='ltr'><strong>quemadmodum,</strong></span> <span class='ocrx_word' id='word_1_106' title='bbox 1206 1862 1322 1907; x_wconf 85' lang='lat' dir='ltr'><strong>rerum</strong></span> <span class='ocrx_word' id='word_1_107' title='bbox 1335 1865 1401 1907; x_wconf 88' lang='lat' dir='ltr'><strong>na-</strong></span> 
     </span>
     <span class='ocr_line' id='line_1_14' title="bbox 315 1951 1402 2048; baseline 0.006 -31"><span class='ocrx_word' id='word_1_108' title='bbox 315 1951 425 2018; x_wconf 79' lang='lat' dir='ltr'><strong>turam</strong></span> <span class='ocrx_word' id='word_1_109' title='bbox 443 1951 611 2048; x_wconf 84' lang='lat' dir='ltr'><strong>imitatus,</strong></span> <span class='ocrx_word' id='word_1_110' title='bbox 631 1976 754 2044; x_wconf 87' lang='lat' dir='ltr'><strong>panem</strong></span> <span class='ocrx_word' id='word_1_111' title='bbox 773 1955 917 2047; x_wconf 81' lang='lat' dir='ltr'><strong>coeperit</strong></span> <span class='ocrx_word' id='word_1_112' title='bbox 935 1953 1047 2022; x_wconf 84' lang='lat' dir='ltr'><strong>iacere</strong></span> <span class='ocrx_word' id='word_1_113' title='bbox 1069 1979 1077 2021; x_wconf 75' lang='grc' dir='ltr'><strong><em>ε</em></strong></span> <span class='ocrx_word' id='word_1_114' title='bbox 1101 1957 1324 2048; x_wconf 77' lang='lat' dir='ltr'><strong>«Receptus,</strong></span> <span class='ocrx_word' id='word_1_115' title='bbox 1345 1956 1402 2023; x_wconf 92' lang='lat' dir='ltr'><strong>in-</strong></span> 
     </span>
     <span class='ocr_line' id='line_1_15' title="bbox 315 2068 1400 2163; baseline 0.006 -30"><span class='ocrx_word' id='word_1_116' title='bbox 315 2068 409 2162; x_wconf 86' lang='lat' dir='ltr'><strong>quit,</strong></span> <span class='ocrx_word' id='word_1_117' title='bbox 435 2069 472 2134; x_wconf 91' lang='lat' dir='ltr'><strong>in</strong></span> <span class='ocrx_word' id='word_1_118' title='bbox 494 2092 531 2136; x_wconf 84' lang='lat' dir='ltr'><strong>os</strong></span> <span class='ocrx_word' id='word_1_119' title='bbox 550 2068 667 2163; x_wconf 79' lang='lat' dir='ltr'><strong>fruges</strong></span> <span class='ocrx_word' id='word_1_120' title='bbox 685 2093 893 2139; x_wconf 87' lang='lat' dir='ltr'><strong>concurrens</strong></span> <span class='ocrx_word' id='word_1_121' title='bbox 917 2072 1009 2140; x_wconf 89' lang='lat' dir='ltr'><strong>inter</strong></span> <span class='ocrx_word' id='word_1_122' title='bbox 1028 2094 1066 2140; x_wconf 89' lang='lat' dir='ltr'><strong>se</strong></span> <span class='ocrx_word' id='word_1_123' title='bbox 1089 2069 1217 2140; x_wconf 84' lang='lat' dir='ltr'><strong>duritia</strong></span> <span class='ocrx_word' id='word_1_124' title='bbox 1241 2069 1400 2140; x_wconf 88' lang='lat' dir='ltr'><strong>dentium</strong></span> 
     </span>
     <span class='ocr_line' id='line_1_16' title="bbox 315 2183 1401 2282; baseline 0.004 -30"><span class='ocrx_word' id='word_1_125' title='bbox 315 2183 464 2278; x_wconf 77' lang='lat' dir='ltr'><strong>frangit,</strong></span> <span class='ocrx_word' id='word_1_126' title='bbox 488 2200 546 2267; x_wconf 89' lang='lat' dir='ltr'><strong>et,</strong></span> <span class='ocrx_word' id='word_1_127' title='bbox 563 2185 734 2277; x_wconf 88' lang='lat' dir='ltr'><strong>quidquid</strong></span> <span class='ocrx_word' id='word_1_128' title='bbox 752 2187 900 2269; x_wconf 83' lang='lat' dir='ltr'><strong>excidit,</strong></span> <span class='ocrx_word' id='word_1_129' title='bbox 919 2186 967 2269; x_wconf 79' lang='lat' dir='ltr'><strong>ad</strong></span> <span class='ocrx_word' id='word_1_130' title='bbox 984 2186 1121 2256; x_wconf 83' lang='lat' dir='ltr'><strong>eosdem</strong></span> <span class='ocrx_word' id='word_1_131' title='bbox 1140 2188 1261 2256; x_wconf 86' lang='lat' dir='ltr'><strong>dentes</strong></span> <span class='ocrx_word' id='word_1_132' title='bbox 1277 2188 1401 2282; x_wconf 81' lang='lat' dir='ltr'><strong>lingua</strong></span> 
     </span>
     <span class='ocr_line' id='line_1_17' title="bbox 220 2299 1401 2399; baseline 0.005 -30"><span class='ocrx_word' id='word_1_133' title='bbox 220 2300 224 2310; x_wconf 90' lang='lat'>&#39;</span> <span class='ocrx_word' id='word_1_134' title='bbox 314 2300 483 2388; x_wconf 69' lang='lat' dir='ltr'><strong>refertur,</strong></span> <span class='ocrx_word' id='word_1_135' title='bbox 505 2318 586 2371; x_wconf 89' lang='lat' dir='ltr'><strong>tunc</strong></span> <span class='ocrx_word' id='word_1_136' title='bbox 603 2327 686 2373; x_wconf 87' lang='lat' dir='ltr'><strong>vero</strong></span> <span class='ocrx_word' id='word_1_137' title='bbox 704 2304 866 2374; x_wconf 87' lang='lat' dir='ltr'><strong>miscetur</strong></span> <span class='ocrx_word' id='word_1_138' title='bbox 876 2299 905 2391; x_wconf 84' lang='lat'><strong>⁴,</strong></span> <span class='ocrx_word' id='word_1_139' title='bbox 925 2321 964 2374; x_wconf 92' lang='lat' dir='ltr'><strong>ut</strong></span> <span class='ocrx_word' id='word_1_140' title='bbox 978 2304 1112 2375; x_wconf 80' lang='lat' dir='ltr'><strong>facilius</strong></span> <span class='ocrx_word' id='word_1_141' title='bbox 1126 2329 1193 2399; x_wconf 87' lang='lat' dir='ltr'><strong>per</strong></span> <span class='ocrx_word' id='word_1_142' title='bbox 1210 2306 1326 2375; x_wconf 85' lang='lat' dir='ltr'><strong>lauces</strong></span> <span class='ocrx_word' id='word_1_143' title='bbox 1344 2305 1401 2375; x_wconf 91' lang='lat' dir='ltr'><strong>lu-</strong></span> 
     </span>
     <span class='ocr_line' id='line_1_18' title="bbox 311 2412 1447 2515; baseline 0.004 -32"><span class='ocrx_word' id='word_1_144' title='bbox 311 2413 424 2504; x_wconf 84' lang='lat' dir='ltr'><strong>bricas</strong></span> <span class='ocrx_word' id='word_1_145' title='bbox 441 2433 590 2485; x_wconf 83' lang='lat' dir='ltr'><strong>transeat</strong></span> <span class='ocrx_word' id='word_1_146' title='bbox 608 2445 616 2485; x_wconf 78' lang='grc' dir='ltr'><strong>ι</strong></span> <span class='ocrx_word' id='word_1_147' title='bbox 634 2412 739 2510; x_wconf 85' lang='lat' dir='ltr'><strong>quum</strong></span> <span class='ocrx_word' id='word_1_148' title='bbox 758 2421 917 2512; x_wconf 79' lang='lat' dir='ltr'><strong>pervenit</strong></span> <span class='ocrx_word' id='word_1_149' title='bbox 933 2421 971 2488; x_wconf 91' lang='lat' dir='ltr'><strong>in</strong></span> <span class='ocrx_word' id='word_1_150' title='bbox 989 2435 1163 2501; x_wconf 87' lang='lat' dir='ltr'><strong>ventrem,</strong></span> <span class='ocrx_word' id='word_1_151' title='bbox 1186 2414 1399 2515; x_wconf 83' lang='lat' dir='ltr'><strong>⁵aqualiculi</strong></span> <span class='ocrx_word' id='word_1_152' title='bbox 1443 2473 1447 2480; x_wconf 83' lang='lat'><em>.</em></span> 
     </span>
     <span class='ocr_line' id='line_1_19' title="bbox 256 2537 1400 2636; baseline -0.001 -24"><span class='ocrx_word' id='word_1_153' title='bbox 256 2559 287 2612; x_wconf 80' lang='lat'><strong>23</strong></span> <span class='ocrx_word' id='word_1_154' title='bbox 312 2537 445 2610; x_wconf 88' lang='lat' dir='ltr'><strong>fervore</strong></span> <span class='ocrx_word' id='word_1_155' title='bbox 471 2542 715 2634; x_wconf 83' lang='lat' dir='ltr'><strong>concoquitur3</strong></span> <span class='ocrx_word' id='word_1_156' title='bbox 736 2560 819 2611; x_wconf 92' lang='lat' dir='ltr'><strong>tuuc</strong></span> <span class='ocrx_word' id='word_1_157' title='bbox 841 2541 976 2611; x_wconf 90' lang='lat' dir='ltr'><strong>demum</strong></span> <span class='ocrx_word' id='word_1_158' title='bbox 1000 2545 1136 2636; x_wconf 89' lang='lat' dir='ltr'><strong>corpori</strong></span> <span class='ocrx_word' id='word_1_159' title='bbox 1152 2541 1300 2617; x_wconf 77' lang='lat' dir='ltr'><strong>accedit.</strong></span> <span class='ocrx_word' id='word_1_160' title='bbox 1323 2545 1400 2612; x_wconf 86' lang='lat' dir='ltr'><strong>Hoc</strong></span> 
     </span>
     <span class='ocr_line' id='line_1_20' title="bbox 311 2657 1398 2754; baseline 0.004 -30"><span class='ocrx_word' id='word_1_161' title='bbox 311 2657 437 2751; x_wconf 87' lang='lat' dir='ltr'><strong>aliquis</strong></span> <span class='ocrx_word' id='word_1_162' title='bbox 454 2674 588 2727; x_wconf 85' lang='lat' dir='ltr'><strong>secutus</strong></span> <span class='ocrx_word' id='word_1_163' title='bbox 607 2660 805 2754; x_wconf 81' lang='lat' dir='ltr'><strong>exemplar,</strong></span> <span class='ocrx_word' id='word_1_164' title='bbox 826 2659 978 2754; x_wconf 89' lang='lat' dir='ltr'><strong>lapidem</strong></span> <span class='ocrx_word' id='word_1_165' title='bbox 1004 2683 1163 2754; x_wconf 86' lang='lat' dir='ltr'><strong>asperum</strong></span> <span class='ocrx_word' id='word_1_166' title='bbox 1188 2684 1310 2754; x_wconf 88' lang='lat' dir='ltr'><strong>aspero</strong></span> <span class='ocrx_word' id='word_1_167' title='bbox 1328 2662 1398 2738; x_wconf 88' lang='lat' dir='ltr'><strong>im-</strong></span> 
     </span>
    </p>
   </div>
   <div class='ocr_carea' id='block_1_3' title="bbox 311 2877 1401 4288">
    <p class='ocr_par' dir='ltr' id='par_1_3' title="bbox 311 2877 1401 4288">
     <span class='ocr_line' id='line_1_21' title="bbox 311 2877 1399 2953; baseline 0.002 -23"><span class='ocrx_word' id='word_1_168' title='bbox 311 2881 384 2930; x_wconf 77' lang='lat' dir='ltr'><strong>riuus</strong></span> <span class='ocrx_word' id='word_1_169' title='bbox 400 2877 528 2932; x_wconf 85' lang='lat' dir='ltr'><strong>dedissent</strong></span> <span class='ocrx_word' id='word_1_170' title='bbox 537 2891 634 2932; x_wconf 83' lang='lat' dir='ltr'><strong>veteres</strong></span> <span class='ocrx_word' id='word_1_171' title='bbox 652 2877 712 2932; x_wconf 84' lang='lat' dir='ltr'><strong>libri</strong></span> <span class='ocrx_word' id='word_1_172' title='bbox 731 2897 828 2932; x_wconf 86' lang='lat' dir='ltr'><strong>omnes.</strong></span> <span class='ocrx_word' id='word_1_173' title='bbox 877 2880 931 2933; x_wconf 85' lang='lat' dir='ltr'><strong>Sed</strong></span> <span class='ocrx_word' id='word_1_174' title='bbox 942 2880 1008 2933; x_wconf 81' lang='lat' dir='ltr'><strong>bene</strong></span> <span class='ocrx_word' id='word_1_175' title='bbox 1021 2881 1104 2935; x_wconf 83' lang='lat' dir='ltr'><strong>benus</strong></span> <span class='ocrx_word' id='word_1_176' title='bbox 1120 2900 1221 2946; x_wconf 82' lang='lat' dir='ltr'><strong>censor,</strong></span> <span class='ocrx_word' id='word_1_177' title='bbox 1232 2881 1269 2934; x_wconf 85' lang='lat' dir='ltr'><strong>sis</strong></span> <span class='ocrx_word' id='word_1_178' title='bbox 1278 2880 1399 2953; x_wconf 82' lang='lat' dir='ltr'><strong>bipeins;</strong></span> 
     </span>
     <span class='ocr_line' id='line_1_22' title="bbox 311 2955 1288 3032; baseline 0.002 -22"><span class='ocrx_word' id='word_1_179' title='bbox 311 2955 424 3010; x_wconf 69' lang='lat' dir='ltr'><strong>Ferunt</strong></span> <span class='ocrx_word' id='word_1_180' title='bbox 436 2977 465 3010; x_wconf 82' lang='lat' dir='ltr'><strong>es</strong></span> <span class='ocrx_word' id='word_1_181' title='bbox 478 2955 585 3030; x_wconf 68' lang='lat' dir='ltr'><strong>vulgatis</strong></span> <span class='ocrx_word' id='word_1_182' title='bbox 597 2957 687 3012; x_wconf 83' lang='lat' dir='ltr'><strong>Ovidii</strong></span> <span class='ocrx_word' id='word_1_183' title='bbox 699 2956 773 3012; x_wconf 80' lang='lat' dir='ltr'><strong>libris</strong></span> <span class='ocrx_word' id='word_1_184' title='bbox 783 2957 829 3009; x_wconf 87' lang='lat' dir='ltr'><strong>in·</strong></span> <span class='ocrx_word' id='word_1_185' title='bbox 877 2971 916 3012; x_wconf 83' lang='lat' dir='ltr'><strong>est</strong></span> <span class='ocrx_word' id='word_1_186' title='bbox 925 2959 996 3014; x_wconf 85' lang='lat' dir='ltr'><strong>enirn</strong></span> <span class='ocrx_word' id='word_1_187' title='bbox 1007 2959 1168 3032; x_wconf 70' lang='lat' dir='ltr'><strong>agriculture</strong></span> <span class='ocrx_word' id='word_1_188' title='bbox 1181 2979 1238 3013; x_wconf 78' lang='lat' dir='ltr'><strong>vus.</strong></span> <span class='ocrx_word' id='word_1_189' title='bbox 1251 2959 1288 3012; x_wconf 74' lang='lat' dir='ltr'><em>R</em></span> 
     </span>
     <span class='ocr_line' id='line_1_23' title="bbox 313 3033 1400 3102; baseline 0.009 -18"><span class='ocrx_word' id='word_1_190' title='bbox 313 3033 380 3092; x_wconf 82' lang='lat' dir='ltr'><strong>vexit</strong></span> <span class='ocrx_word' id='word_1_191' title='bbox 390 3033 549 3088; x_wconf 61' lang='lat' dir='ltr'><strong>Maestus.</strong></span> <span class='ocrx_word' id='word_1_192' title='bbox 911 3038 935 3102; x_wconf 75' lang='grc'><strong>4.</strong></span> <span class='ocrx_word' id='word_1_193' title='bbox 951 3037 1024 3095; x_wconf 77' lang='lat' dir='ltr'><strong>Tunc</strong></span> <span class='ocrx_word' id='word_1_194' title='bbox 1034 3057 1096 3090; x_wconf 78' lang='lat' dir='ltr'><strong>vern</strong></span> <span class='ocrx_word' id='word_1_195' title='bbox 1105 3041 1237 3092; x_wconf 79' lang='lat' dir='ltr'><strong>miscetur.</strong></span> <span class='ocrx_word' id='word_1_196' title='bbox 1249 3037 1347 3090; x_wconf 85' lang='lat' dir='ltr'><strong>Sieed.</strong></span> <span class='ocrx_word' id='word_1_197' title='bbox 1359 3040 1400 3094; x_wconf 79' lang='lat' dir='ltr'><strong>R.</strong></span> 
     </span>
     <span class='ocr_line' id='line_1_24' title="bbox 348 3111 1399 3186; baseline 0.006 -22"><span class='ocrx_word' id='word_1_198' title='bbox 348 3131 369 3164; x_wconf 89' lang='lat'><strong>1.</strong></span> <span class='ocrx_word' id='word_1_199' title='bbox 381 3111 414 3164; x_wconf 84' lang='lat' dir='ltr'><strong>St</strong></span> <span class='ocrx_word' id='word_1_200' title='bbox 421 3116 567 3182; x_wconf 48' lang='lat' dir='ltr'><strong>consuisset</strong></span> <span class='ocrx_word' id='word_1_201' title='bbox 576 3113 618 3164; x_wconf 80' lang='lat' dir='ltr'><strong>illi</strong></span> <span class='ocrx_word' id='word_1_202' title='bbox 624 3112 732 3174; x_wconf 80' lang='lat' dir='ltr'><strong>addere,</strong></span> <span class='ocrx_word' id='word_1_203' title='bbox 745 3111 762 3167; x_wconf 89' lang='lat' dir='ltr'><strong>i.</strong></span> <span class='ocrx_word' id='word_1_204' title='bbox 774 3133 795 3166; x_wconf 85' lang='lat' dir='ltr'><strong>s.</strong></span> <span class='ocrx_word' id='word_1_205' title='bbox 805 3113 827 3166; x_wconf 91' lang='lat' dir='ltr'><strong>si</strong></span> <span class='ocrx_word' id='word_1_206' title='bbox 877 3128 903 3168; x_wconf 91' lang='lat' dir='ltr'><strong>et</strong></span> <span class='ocrx_word' id='word_1_207' title='bbox 913 3117 950 3168; x_wconf 82' lang='lat' dir='ltr'><strong>A.</strong></span> <span class='ocrx_word' id='word_1_208' title='bbox 962 3136 1022 3169; x_wconf 85' lang='lat' dir='ltr'><strong>eum</strong></span> <span class='ocrx_word' id='word_1_209' title='bbox 1032 3136 1079 3168; x_wconf 90' lang='lat' dir='ltr'><strong>ms.</strong></span> <span class='ocrx_word' id='word_1_210' title='bbox 1092 3137 1121 3168; x_wconf 83' lang='lat' dir='ltr'><strong>o.</strong></span> <span class='ocrx_word' id='word_1_211' title='bbox 1134 3129 1159 3168; x_wconf 90' lang='lat' dir='ltr'><strong>es</strong></span> <span class='ocrx_word' id='word_1_212' title='bbox 1173 3135 1194 3169; x_wconf 83' lang='lat' dir='ltr'><strong>s.</strong></span> <span class='ocrx_word' id='word_1_213' title='bbox 1210 3115 1304 3186; x_wconf 83' lang='lat' dir='ltr'><strong>quibus</strong></span> <span class='ocrx_word' id='word_1_214' title='bbox 1314 3129 1340 3169; x_wconf 86' lang='lat' dir='ltr'><strong>et</strong></span> <span class='ocrx_word' id='word_1_215' title='bbox 1352 3117 1399 3170; x_wconf 86' lang='lat' dir='ltr'><strong>slii</strong></span> 
     </span>
     <span class='ocr_line' id='line_1_25' title="bbox 312 3189 1401 3267; baseline 0.005 -23"><span class='ocrx_word' id='word_1_216' title='bbox 312 3190 405 3244; x_wconf 82' lang='lat' dir='ltr'><strong>addere</strong></span> <span class='ocrx_word' id='word_1_217' title='bbox 426 3192 561 3262; x_wconf 85' lang='lat' dir='ltr'><strong>potuisset,</strong></span> <span class='ocrx_word' id='word_1_218' title='bbox 581 3190 603 3243; x_wconf 92' lang='lat' dir='ltr'><strong>si</strong></span> <span class='ocrx_word' id='word_1_219' title='bbox 624 3189 771 3261; x_wconf 74' lang='lat' dir='ltr'><strong>contigisset</strong></span> <span class='ocrx_word' id='word_1_220' title='bbox 789 3189 828 3243; x_wconf 87' lang='lat' dir='ltr'><strong>illi</strong></span> <span class='ocrx_word' id='word_1_221' title='bbox 878 3195 923 3257; x_wconf 88' lang='lat' dir='ltr'><strong>(ut</strong></span> <span class='ocrx_word' id='word_1_222' title='bbox 933 3194 1065 3267; x_wconf 73' lang='lat' dir='ltr'><strong>suspicer)</strong></span> <span class='ocrx_word' id='word_1_223' title='bbox 1076 3206 1171 3248; x_wconf 77' lang='lat' dir='ltr'><strong>veteres</strong></span> <span class='ocrx_word' id='word_1_224' title='bbox 1181 3192 1242 3246; x_wconf 86' lang='lat' dir='ltr'><strong>libri</strong></span> <span class='ocrx_word' id='word_1_225' title='bbox 1253 3196 1401 3249; x_wconf 78' lang='lat' dir='ltr'><strong>assentiun-</strong></span> 
     </span>
     <span class='ocr_line' id='line_1_26' title="bbox 313 3267 1397 3342; baseline 0.008 -23"><span class='ocrx_word' id='word_1_226' title='bbox 313 3280 340 3320; x_wconf 87' lang='lat' dir='ltr'><strong>ut</strong></span> <span class='ocrx_word' id='word_1_227' title='bbox 358 3267 450 3320; x_wconf 79' lang='lat' dir='ltr'><strong>addere</strong></span> <span class='ocrx_word' id='word_1_228' title='bbox 469 3269 597 3340; x_wconf 80' lang='lat' dir='ltr'><strong>potuisset.</strong></span> <span class='ocrx_word' id='word_1_229' title='bbox 618 3267 705 3338; x_wconf 75' lang='lat' dir='ltr'><strong>Vulgo</strong></span> <span class='ocrx_word' id='word_1_230' title='bbox 723 3270 825 3327; x_wconf 72' lang='lat' dir='ltr'><strong>sidere.</strong></span> <span class='ocrx_word' id='word_1_231' title='bbox 876 3271 1254 3342; x_wconf 74' lang='lat' dir='ltr'><strong>tunvulgotunceemsnls&#39;ooe</strong></span> <span class='ocrx_word' id='word_1_232' title='bbox 1261 3277 1397 3339; x_wconf 74' lang='lat' dir='ltr'><strong>miscetur,</strong></span> 
     </span>
     <span class='ocr_line' id='line_1_27' title="bbox 314 3344 1401 3414; baseline 0.009 -16"><span class='ocrx_word' id='word_1_233' title='bbox 314 3366 342 3400; x_wconf 79' lang='lat' dir='ltr'><strong>ex</strong></span> <span class='ocrx_word' id='word_1_234' title='bbox 355 3345 455 3398; x_wconf 72' lang='lat' dir='ltr'><strong>Erssrm</strong></span> <span class='ocrx_word' id='word_1_235' title='bbox 466 3344 518 3414; x_wconf 80' lang='lat' dir='ltr'><strong>ing.</strong></span> <span class='ocrx_word' id='word_1_236' title='bbox 528 3345 610 3400; x_wconf 72' lang='lat' dir='ltr'><strong>Schw-</strong></span> <span class='ocrx_word' id='word_1_237' title='bbox 875 3349 908 3403; x_wconf 81' lang='lat' dir='ltr'><strong>ab</strong></span> <span class='ocrx_word' id='word_1_238' title='bbox 921 3349 1035 3404; x_wconf 80' lang='lat' dir='ltr'><strong>lirssrne.</strong></span> <span class='ocrx_word' id='word_1_239' title='bbox 1047 3351 1115 3414; x_wconf 81' lang='lat' dir='ltr'><strong>Sed,</strong></span> <span class='ocrx_word' id='word_1_240' title='bbox 1130 3363 1160 3404; x_wconf 85' lang='lat' dir='ltr'><strong>ut</strong></span> <span class='ocrx_word' id='word_1_241' title='bbox 1176 3355 1270 3406; x_wconf 77' lang='lat' dir='ltr'><strong>vinum</strong></span> <span class='ocrx_word' id='word_1_242' title='bbox 1287 3357 1401 3408; x_wconf 72' lang='lat' dir='ltr'><strong>miseere</strong></span> 
     </span>
     <span class='ocr_line' id='line_1_28' title="bbox 347 3423 1401 3502; baseline 0.009 -27"><span class='ocrx_word' id='word_1_243' title='bbox 347 3444 369 3475; x_wconf 71' lang='grc' dir='ltr'><strong>α.</strong></span> <span class='ocrx_word' id='word_1_244' title='bbox 380 3426 411 3477; x_wconf 82' lang='lat' dir='ltr'><em>V</em></span> <span class='ocrx_word' id='word_1_245' title='bbox 408 3428 470 3478; x_wconf 77' lang='lat' dir='ltr'><strong>estis</strong></span> <span class='ocrx_word' id='word_1_246' title='bbox 479 3424 547 3476; x_wconf 81' lang='lat' dir='ltr'><strong>nibil</strong></span> <span class='ocrx_word' id='word_1_247' title='bbox 555 3428 680 3478; x_wconf 69' lang='lat' dir='ltr'><strong>casura.</strong></span> <span class='ocrx_word' id='word_1_248' title='bbox 693 3425 744 3479; x_wconf 82' lang='lat' dir='ltr'><strong>lul.</strong></span> <span class='ocrx_word' id='word_1_249' title='bbox 755 3423 827 3477; x_wconf 83' lang='lat' dir='ltr'><strong>bem·</strong></span> <span class='ocrx_word' id='word_1_250' title='bbox 877 3428 998 3494; x_wconf 84' lang='lat' dir='ltr'><strong>dicimus,</strong></span> <span class='ocrx_word' id='word_1_251' title='bbox 1014 3429 1186 3502; x_wconf 75' lang='lat' dir='ltr'><strong>intelligentes</strong></span> <span class='ocrx_word' id='word_1_252' title='bbox 1205 3450 1299 3498; x_wconf 63' lang='lat' dir='ltr'><strong>qna,</strong></span> <span class='ocrx_word' id='word_1_253' title='bbox 1318 3430 1357 3484; x_wconf 86' lang='lat' dir='ltr'><strong>sie</strong></span> <span class='ocrx_word' id='word_1_254' title='bbox 1374 3446 1401 3486; x_wconf 87' lang='lat' dir='ltr'><strong>et</strong></span> 
     </span>
     <span class='ocr_line' id='line_1_29' title="bbox 313 3503 1400 3579; baseline 0.005 -23"><span class='ocrx_word' id='word_1_255' title='bbox 313 3504 483 3576; x_wconf 75' lang='lat' dir='ltr'><strong>bycins‘,qute</strong></span> <span class='ocrx_word' id='word_1_256' title='bbox 490 3503 586 3567; x_wconf 72' lang='lat' dir='ltr'><strong>Suidss,</strong></span> <span class='ocrx_word' id='word_1_257' title='bbox 592 3507 694 3572; x_wconf 74' lang='grc' dir='ltr'><strong>διαφανῆ</strong></span> <span class='ocrx_word' id='word_1_258' title='bbox 706 3507 827 3563; x_wconf 60' lang='lat' dir='ltr'><strong>bueus&amp;</strong></span> <span class='ocrx_word' id='word_1_259' title='bbox 876 3505 996 3560; x_wconf 88' lang='lat' dir='ltr'><strong>bicnude</strong></span> <span class='ocrx_word' id='word_1_260' title='bbox 1001 3511 1125 3561; x_wconf 75' lang='lat' dir='ltr'><strong>miscetur</strong></span> <span class='ocrx_word' id='word_1_261' title='bbox 1134 3520 1198 3560; x_wconf 85' lang='lat' dir='ltr'><strong>stsre</strong></span> <span class='ocrx_word' id='word_1_262' title='bbox 1208 3508 1327 3579; x_wconf 80' lang='lat' dir='ltr'><strong>potuerit.</strong></span> <span class='ocrx_word' id='word_1_263' title='bbox 1333 3509 1400 3567; x_wconf 81' lang='lat' dir='ltr'><strong>S.-</strong></span> 
     </span>
     <span class='ocr_line' id='line_1_30' title="bbox 312 3583 1397 3656; baseline 0.005 -21"><span class='ocrx_word' id='word_1_264' title='bbox 312 3595 387 3644; x_wconf 74' lang='lat' dir='ltr'><strong>vocst</strong></span> <span class='ocrx_word' id='word_1_265' title='bbox 396 3603 458 3650; x_wconf 78' lang='lat' dir='ltr'><strong>rose</strong></span> <span class='ocrx_word' id='word_1_266' title='bbox 469 3585 578 3649; x_wconf 59' lang='lat' dir='ltr'><strong>deaucet.</strong></span> <span class='ocrx_word' id='word_1_267' title='bbox 590 3583 656 3638; x_wconf 83' lang='lat' dir='ltr'><strong>Sunt</strong></span> <span class='ocrx_word' id='word_1_268' title='bbox 668 3595 753 3638; x_wconf 78' lang='lat' dir='ltr'><strong>sutem</strong></span> <span class='ocrx_word' id='word_1_269' title='bbox 764 3602 826 3635; x_wconf 76' lang='lat' dir='ltr'><strong>ses-</strong></span> <span class='ocrx_word' id='word_1_270' title='bbox 877 3585 950 3638; x_wconf 79' lang='lat' dir='ltr'><strong>Sens.</strong></span> <span class='ocrx_word' id='word_1_271' title='bbox 962 3585 1112 3656; x_wconf 77' lang='lat' dir='ltr'><strong>:Quidquid</strong></span> <span class='ocrx_word' id='word_1_272' title='bbox 1121 3585 1215 3640; x_wconf 80' lang='lat' dir='ltr'><strong>excidit</strong></span> <span class='ocrx_word' id='word_1_273' title='bbox 1222 3585 1343 3640; x_wconf 71' lang='lat' dir='ltr'><strong>niseum</strong></span> <span class='ocrx_word' id='word_1_274' title='bbox 1353 3607 1397 3640; x_wconf 86' lang='lat' dir='ltr'><strong>se·</strong></span> 
     </span>
     <span class='ocr_line' id='line_1_31' title="bbox 312 3660 1393 3740; baseline 0.002 -22"><span class='ocrx_word' id='word_1_275' title='bbox 312 3677 349 3718; x_wconf 88' lang='lat' dir='ltr'><strong>tes</strong></span> <span class='ocrx_word' id='word_1_276' title='bbox 365 3664 439 3730; x_wconf 85' lang='lat' dir='ltr'><strong>Coss,</strong></span> <span class='ocrx_word' id='word_1_277' title='bbox 451 3663 574 3718; x_wconf 73' lang='lat' dir='ltr'><strong>tenuitate</strong></span> <span class='ocrx_word' id='word_1_278' title='bbox 585 3683 631 3718; x_wconf 84' lang='lat' dir='ltr'><strong>sus</strong></span> <span class='ocrx_word' id='word_1_279' title='bbox 643 3665 766 3728; x_wconf 79' lang='lat' dir='ltr'><strong>infames,</strong></span> <span class='ocrx_word' id='word_1_280' title='bbox 780 3683 826 3716; x_wconf 89' lang='lat' dir='ltr'><strong>ue·</strong></span> <span class='ocrx_word' id='word_1_281' title='bbox 875 3660 1004 3725; x_wconf 80' lang='lat' dir='ltr'><strong>livs,etin</strong></span> <span class='ocrx_word' id='word_1_282' title='bbox 1012 3664 1195 3718; x_wconf 80' lang='lat' dir='ltr'><strong>minutissimas</strong></span> <span class='ocrx_word' id='word_1_283' title='bbox 1202 3677 1283 3740; x_wconf 80' lang='lat' dir='ltr'><strong>pestes</strong></span> <span class='ocrx_word' id='word_1_284' title='bbox 1289 3665 1393 3732; x_wconf 77' lang='lat' dir='ltr'><strong>teritur,</strong></span> 
     </span>
     <span class='ocr_line' id='line_1_32' title="bbox 313 3740 1400 3816; baseline 0.004 -22"><span class='ocrx_word' id='word_1_285' title='bbox 313 3741 372 3795; x_wconf 82' lang='lat' dir='ltr'><strong>bule</strong></span> <span class='ocrx_word' id='word_1_286' title='bbox 381 3742 451 3794; x_wconf 83' lang='lat' dir='ltr'><strong>linea</strong></span> <span class='ocrx_word' id='word_1_287' title='bbox 458 3762 496 3815; x_wconf 84' lang='lat' dir='ltr'><strong>sp.</strong></span> <span class='ocrx_word' id='word_1_288' title='bbox 508 3742 626 3796; x_wconf 82' lang='lat' dir='ltr'><strong>Publium</strong></span> <span class='ocrx_word' id='word_1_289' title='bbox 637 3743 731 3816; x_wconf 79' lang='lat' dir='ltr'><strong>Syrum</strong></span> <span class='ocrx_word' id='word_1_290' title='bbox 741 3743 828 3796; x_wconf 84' lang='lat' dir='ltr'><strong>Petro·</strong></span> <span class='ocrx_word' id='word_1_291' title='bbox 875 3753 905 3794; x_wconf 81' lang='lat' dir='ltr'><strong>ut</strong></span> <span class='ocrx_word' id='word_1_292' title='bbox 915 3740 1019 3814; x_wconf 77' lang='lat' dir='ltr'><strong>dempta</strong></span> <span class='ocrx_word' id='word_1_293' title='bbox 1026 3742 1162 3812; x_wconf 70' lang='lat' dir='ltr'><strong>asperitate</strong></span> <span class='ocrx_word' id='word_1_294' title='bbox 1171 3782 1179 3810; x_wconf 87' lang='lat'><strong>,</strong></span> <span class='ocrx_word' id='word_1_295' title='bbox 1189 3763 1245 3796; x_wconf 86' lang='lat' dir='ltr'><strong>non</strong></span> <span class='ocrx_word' id='word_1_296' title='bbox 1252 3743 1331 3796; x_wconf 70' lang='lat' dir='ltr'><strong>bdst</strong></span> <span class='ocrx_word' id='word_1_297' title='bbox 1338 3745 1400 3798; x_wconf 77' lang='lat' dir='ltr'><strong>isu-</strong></span> 
     </span>
     <span class='ocr_line' id='line_1_33' title="bbox 313 3819 1362 3887; baseline 0.004 -15"><span class='ocrx_word' id='word_1_298' title='bbox 313 3819 352 3872; x_wconf 89' lang='lat' dir='ltr'><strong>nii</strong></span> <span class='ocrx_word' id='word_1_299' title='bbox 363 3822 403 3874; x_wconf 85' lang='lat'><strong>55.</strong></span> <span class='ocrx_word' id='word_1_300' title='bbox 415 3819 483 3873; x_wconf 82' lang='lat' dir='ltr'><strong>ilinc</strong></span> <span class='ocrx_word' id='word_1_301' title='bbox 493 3821 582 3873; x_wconf 77' lang='lat' dir='ltr'><strong>Horat.</strong></span> <span class='ocrx_word' id='word_1_302' title='bbox 595 3821 676 3874; x_wconf 86' lang='lat' dir='ltr'><strong>Serm.</strong></span> <span class='ocrx_word' id='word_1_303' title='bbox 691 3821 717 3886; x_wconf 92' lang='lat'><strong>1,</strong></span> <span class='ocrx_word' id='word_1_304' title='bbox 736 3841 766 3884; x_wconf 87' lang='lat' dir='ltr'><strong>s,</strong></span> <span class='ocrx_word' id='word_1_305' title='bbox 780 3825 823 3874; x_wconf 86' lang='lat' dir='ltr'><strong>sot</strong></span> <span class='ocrx_word' id='word_1_306' title='bbox 876 3841 916 3874; x_wconf 87' lang='lat' dir='ltr'><strong>ees</strong></span> <span class='ocrx_word' id='word_1_307' title='bbox 933 3820 1060 3887; x_wconf 75' lang='lat' dir='ltr'><strong>delicatas,</strong></span> <span class='ocrx_word' id='word_1_308' title='bbox 1070 3835 1096 3875; x_wconf 89' lang='lat' dir='ltr'><strong>et</strong></span> <span class='ocrx_word' id='word_1_309' title='bbox 1104 3821 1204 3877; x_wconf 72' lang='lat' dir='ltr'><strong>lucilius</strong></span> <span class='ocrx_word' id='word_1_310' title='bbox 1214 3822 1362 3876; x_wconf 80' lang='lat' dir='ltr'><strong>descendet.</strong></span> 
     </span>
     <span class='ocr_line' id='line_1_34' title="bbox 315 3897 1398 3970; baseline 0.007 -22"><span class='ocrx_word' id='word_1_311' title='bbox 315 3899 399 3954; x_wconf 75' lang='lat' dir='ltr'><strong>«Cois</strong></span> <span class='ocrx_word' id='word_1_312' title='bbox 413 3897 459 3951; x_wconf 86' lang='lat' dir='ltr'><strong>tibi</strong></span> <span class='ocrx_word' id='word_1_313' title='bbox 470 3917 541 3970; x_wconf 77' lang='lat' dir='ltr'><strong>pene</strong></span> <span class='ocrx_word' id='word_1_314' title='bbox 552 3899 638 3952; x_wconf 83' lang='lat' dir='ltr'><strong>videre</strong></span> <span class='ocrx_word' id='word_1_315' title='bbox 651 3911 687 3954; x_wconf 87' lang='lat' dir='ltr'><strong>est</strong></span> <span class='ocrx_word' id='word_1_316' title='bbox 697 3900 802 3953; x_wconf 80' lang='lat' dir='ltr'><strong>nudem.</strong></span> <span class='ocrx_word' id='word_1_317' title='bbox 811 3920 825 3945; x_wconf 85' lang='lat'><strong>»</strong></span> <span class='ocrx_word' id='word_1_318' title='bbox 907 3903 931 3954; x_wconf 81' lang='grc'><strong>5.</strong></span> <span class='ocrx_word' id='word_1_319' title='bbox 943 3902 1105 3970; x_wconf 76' lang='lat' dir='ltr'><strong>Aquels&#39;nsls‘.</strong></span> <span class='ocrx_word' id='word_1_320' title='bbox 1121 3903 1142 3954; x_wconf 90' lang='lat' dir='ltr'><strong>l.</strong></span> <span class='ocrx_word' id='word_1_321' title='bbox 1157 3901 1291 3956; x_wconf 82' lang='lat' dir='ltr'><strong>stomsebi.</strong></span> <span class='ocrx_word' id='word_1_322' title='bbox 1308 3901 1398 3956; x_wconf 71' lang='lat' dir='ltr'><strong>Cute·-</strong></span> 
     </span>
     <span class='ocr_line' id='line_1_35' title="bbox 316 3975 1398 4054; baseline 0.006 -26"><span class='ocrx_word' id='word_1_323' title='bbox 316 3975 355 4035; x_wconf 81' lang='lat' dir='ltr'><strong>ct.</strong></span> <span class='ocrx_word' id='word_1_324' title='bbox 370 3989 424 4049; x_wconf 85' lang='lat' dir='ltr'><strong>post</strong></span> <span class='ocrx_word' id='word_1_325' title='bbox 442 3977 555 4051; x_wconf 77' lang='lat' dir='ltr'><strong>lipsium</strong></span> <span class='ocrx_word' id='word_1_326' title='bbox 566 3977 598 4031; x_wconf 81' lang='lat' dir='ltr'><strong>ad</strong></span> <span class='ocrx_word' id='word_1_327' title='bbox 610 3979 690 4032; x_wconf 79' lang='lat' dir='ltr'><strong>Tacit.</strong></span> <span class='ocrx_word' id='word_1_328' title='bbox 701 3981 771 4030; x_wconf 76' lang='lat' dir='ltr'><strong>Anu·</strong></span> <span class='ocrx_word' id='word_1_329' title='bbox 782 3979 824 4040; x_wconf 83' lang='lat' dir='ltr'><strong>u,</strong></span> <span class='ocrx_word' id='word_1_330' title='bbox 874 3999 931 4032; x_wconf 88' lang='lat' dir='ltr'><strong>rum</strong></span> <span class='ocrx_word' id='word_1_331' title='bbox 941 3998 987 4032; x_wconf 88' lang='lat' dir='ltr'><strong>sno</strong></span> <span class='ocrx_word' id='word_1_332' title='bbox 995 3980 1104 4034; x_wconf 82' lang='lat' dir='ltr'><strong>consilio</strong></span> <span class='ocrx_word' id='word_1_333' title='bbox 1112 3999 1151 4034; x_wconf 81' lang='lat' dir='ltr'><strong>res</strong></span> <span class='ocrx_word' id='word_1_334' title='bbox 1159 3993 1337 4054; x_wconf 85' lang='lat' dir='ltr'><strong>sttemperssse</strong></span> <span class='ocrx_word' id='word_1_335' title='bbox 1345 3983 1398 4034; x_wconf 84' lang='lat' dir='ltr'><strong>Po·</strong></span> 
     </span>
     <span class='ocr_line' id='line_1_36' title="bbox 314 4053 1397 4130; baseline 0.004 -22"><span class='ocrx_word' id='word_1_336' title='bbox 314 4053 496 4130; x_wconf 76' lang='lat' dir='ltr'><strong>33,lleyniusn</strong></span> <span class='ocrx_word' id='word_1_337' title='bbox 504 4055 537 4110; x_wconf 80' lang='lat' dir='ltr'><strong>sd</strong></span> <span class='ocrx_word' id='word_1_338' title='bbox 543 4055 639 4108; x_wconf 89' lang='lat' dir='ltr'><strong>Tibull.</strong></span> <span class='ocrx_word' id='word_1_339' title='bbox 650 4058 689 4120; x_wconf 90' lang='lat' dir='ltr'><strong>ll,</strong></span> <span class='ocrx_word' id='word_1_340' title='bbox 699 4056 729 4122; x_wconf 83' lang='lat'><strong>3,</strong></span> <span class='ocrx_word' id='word_1_341' title='bbox 742 4057 781 4120; x_wconf 70' lang='grc'><strong>54.</strong></span> <span class='ocrx_word' id='word_1_342' title='bbox 790 4055 827 4108; x_wconf 79' lang='lat' dir='ltr'><strong>R.</strong></span> <span class='ocrx_word' id='word_1_343' title='bbox 875 4057 1004 4112; x_wconf 81' lang='lat' dir='ltr'><strong>sidonium</strong></span> <span class='ocrx_word' id='word_1_344' title='bbox 1014 4056 1096 4129; x_wconf 77' lang='lat' dir='ltr'><strong>liquet</strong></span> <span class='ocrx_word' id='word_1_345' title='bbox 1107 4056 1397 4130; x_wconf 74' lang='lat' dir='ltr'><strong>exib,queJo.Bed1·</strong></span> 
     </span>
     <span class='ocr_line' id='line_1_37' title="bbox 347 4133 1395 4208; baseline 0.002 -22"><span class='ocrx_word' id='word_1_346' title='bbox 347 4134 370 4186; x_wconf 83' lang='lat'><strong>3.</strong></span> <span class='ocrx_word' id='word_1_347' title='bbox 383 4133 421 4186; x_wconf 82' lang='lat' dir='ltr'><strong>Et</strong></span> <span class='ocrx_word' id='word_1_348' title='bbox 429 4139 574 4188; x_wconf 77' lang='lat' dir='ltr'><strong>itemtums</strong></span> <span class='ocrx_word' id='word_1_349' title='bbox 581 4134 707 4188; x_wconf 84' lang='lat' dir='ltr'><strong>Pineisuo</strong></span> <span class='ocrx_word' id='word_1_350' title='bbox 715 4147 769 4198; x_wconf 82' lang='lat' dir='ltr'><strong>est,</strong></span> <span class='ocrx_word' id='word_1_351' title='bbox 780 4134 827 4186; x_wconf 72' lang='lat' dir='ltr'><strong>eui</strong></span> <span class='ocrx_word' id='word_1_352' title='bbox 875 4155 958 4188; x_wconf 78' lang='lat' dir='ltr'><strong>mersu</strong></span> <span class='ocrx_word' id='word_1_353' title='bbox 966 4134 1058 4208; x_wconf 77' lang='lat' dir='ltr'><strong>Beytr.</strong></span> <span class='ocrx_word' id='word_1_354' title='bbox 1069 4156 1119 4190; x_wconf 77' lang='lat' dir='ltr'><strong>eur</strong></span> <span class='ocrx_word' id='word_1_355' title='bbox 1129 4136 1224 4191; x_wconf 74' lang='lat' dir='ltr'><strong>Gsscb</strong></span> <span class='ocrx_word' id='word_1_356' title='bbox 1232 4140 1279 4190; x_wconf 84' lang='lat' dir='ltr'><strong>der</strong></span> <span class='ocrx_word' id='word_1_357' title='bbox 1288 4137 1349 4208; x_wconf 73' lang='lat' dir='ltr'><strong>Erfi</strong></span> <span class='ocrx_word' id='word_1_358' title='bbox 1359 4138 1395 4202; x_wconf 84' lang='lat' dir='ltr'><strong>ll,</strong></span> 
     </span>
     <span class='ocr_line' id='line_1_38' title="bbox 314 4214 1395 4288; baseline 0.001 -20"><span class='ocrx_word' id='word_1_359' title='bbox 314 4233 402 4268; x_wconf 84' lang='lat' dir='ltr'><strong>omnes</strong></span> <span class='ocrx_word' id='word_1_360' title='bbox 419 4235 478 4268; x_wconf 83' lang='lat' dir='ltr'><strong>suss-</strong></span> <span class='ocrx_word' id='word_1_361' title='bbox 495 4214 682 4270; x_wconf 79' lang='lat' dir='ltr'><strong>bsbeutts&#39;nter</strong></span> <span class='ocrx_word' id='word_1_362' title='bbox 697 4223 840 4271; x_wconf 57' lang='lat' dir='ltr'><strong>orassem(</strong></span> <span class='ocrx_word' id='word_1_363' title='bbox 877 4214 1048 4279; x_wconf 84' lang='lat' dir='ltr'><strong>nr.1,doete</strong></span> <span class='ocrx_word' id='word_1_364' title='bbox 1068 4215 1189 4288; x_wconf 79' lang='lat' dir='ltr'><strong>esposuit.</strong></span> <span class='ocrx_word' id='word_1_365' title='bbox 1219 4217 1321 4288; x_wconf 74' lang='lat' dir='ltr'><strong>Spectet</strong></span> <span class='ocrx_word' id='word_1_366' title='bbox 1344 4215 1395 4269; x_wconf 85' lang='lat' dir='ltr'><strong>bue</strong></span> 
     </span>
    </p>
   </div>
   <div class='ocr_carea' id='block_1_4' title="bbox 0 0 1487 4934">
    <p class='ocr_par' dir='ltr' id='par_1_4' title="bbox 0 0 1487 4934">
     <span class='ocr_line' id='line_1_39' title="bbox 0 0 1487 4934; baseline 0 0"><span class='ocrx_word' id='word_1_367' title='bbox 0 0 1487 4934; x_wconf 95' lang='lat' dir='ltr'><strong> </strong></span> 
     </span>
    </p>
   </div>
  </div>
 </body>
</html>
