2950 4934
245 452 487 524 PHYSlOL.
512 449 765 522 sTotcon.
792 452 888 520 LlB.
914 451 992 521 111.
1097 452 1165 547 667

86 622 141 661 sua
160 600 325 661 discrimina
347 597 460 657 sedium
479 596 645 669 habehant,
672 607 701 656 et
715 595 855 677 quosdam
877 596 968 679 magis
986 594 1058 657 imas
1082 618 1091 653 r
1110 616 1167 655 non

87 719 188 767 nostro
198 706 327 766 instimto
337 702 603 765 uuncreierendss.
615 700 797 776 Plutarchus,
806 698 937 781 Deseris
946 702 976 761 io
985 701 1052 762 orbe
1060 698 1166 771 lum,

89 814 146 873 sub
166 812 274 883 finem
291 810 456 871 Macrobius
476 811 508 869 in
521 808 665 889 Scipionis
685 807 856 881 Somnium,
872 806 1025 869 &obesus
1043 819 1172 889 noeque

88 918 226 1001 Eclogtc,
242 931 272 978 et
290 921 354 1000 ipse
378 916 479 989 Plato,
502 916 629 976 ubertim
650 914 878 997 suppeditabunt
894 916 1032 997 cupienti.
1053 914 1171 975 Absolvi
1289 904 1292 911 ⁴

90 1026 147 1087 boc
161 1026 320 1107 Septimum
335 1026 482 1107 spatium,
501 1044 600 1106 pergo.
624 1023 700 1083 hun.
719 1022 813 1081 Ino
825 1022 915 1095 siste,
933 1034 962 1081 et
974 1020 1029 1081 boo
1047 1022 1169 1083 uddone.

90 1133 261 1215 Supientum
275 1133 300 1192 si
316 1133 347 1191 iu
363 1130 495 1190 felicibus
511 1130 633 1209 altisque
645 1128 717 1187 locis
739 1152 749 1186 s
766 1127 843 1232 quid,
856 1126 1079 1209 insipientium,
1100 1128 1173 1187 nihil

91 1241 130 1299 iis
147 1261 237 1321 poenae
250 1252 301 1299 sut
312 1239 423 1298 mulcta
434 1237 447 1296 i
458 1237 487 1297 Si
503 1238 616 1317 superi,
628 1236 701 1295 nulli
715 1234 800 1295 inseri
815 1234 903 1295 sunt?
917 1233 995 1294 ers.
1010 1232 1075 1295 Jam
1091 1234 1170 1307 dixi,

92 1348 231 1429 purgari,
248 1358 278 1404 et
289 1330 396 1405 erudiri
408 1366 416 1400 =
428 1343 480 1402 sed
493 1343 531 1401 de
543 1342 751 1423 incipientibus
763 1354 812 1401 aut
822 1342 902 1400 house
913 1342 974 1423 spei
990 1352 1018 1400 et
1029 1340 1197 1435 prolectus'

92 1456 149 1513 boc
162 1452 321 1534 acceperim
336 1474 344 1508 ε
361 1450 398 1509 de
411 1449 557 1531 pessimis,
574 1470 636 1529 quse
650 1450 723 1508 ratio
737 1447 798 1507 est?
810 1446 951 1521 Pereunt,
970 1458 1020 1506 aut
1031 1458 1108 1505 certe
1118 1468 1175 1506 va-

95 1562 209 1643 pulent.
233 1558 448 1632 Tertullianus,
470 1557 507 1617 de
525 1555 626 1615 Stoicis
643 1553 731 1637 (cap.
747 1552 840 1637 ·54)ε
862 1582 875 1608 o
895 1554 1033 1637 Reliquus
1057 1554 1189 1615 Animas,

94 1666 178 1748 (non
193 1662 339 1739 eruditus,
356 1675 407 1723 aut
425 1662 621 1745 erudiendas)
636 1663 674 1722 ad
689 1661 795 1723 inferus
816 1662 964 1742 dejiciunt.
980 1688 994 1715 ι
1012 1660 1177 1721 Lactantius

96 1772 168 1854 (lib.
188 1771 269 1845 vlt,
283 1794 348 1852 cap.
365 1770 405 1853 7)
422 1792 430 1827 ε
450 1798 463 1823 u
481 1768 553 1830 Esse
568 1768 673 1830 interos
687 1770 765 1829 Zeno
779 1770 889 1830 Stoicus
905 1770 1022 1841 docuit,
1040 1780 1069 1827 et
1094 1767 1175 1828 sedes

95 1883 212 1962 piorrnn
221 1881 259 1939 ab
271 1880 368 1960 impiis
383 1899 445 1938 osso
459 1877 595 1938 discretas
614 1900 623 1935 s
640 1890 669 1937 et
681 1878 746 1937 illos
758 1876 876 1957 quidem
888 1920 896 1949 ,
914 1876 1025 1957 quietus
1042 1897 1075 1933 uc
1091 1874 1176 1933 dele-

97 1987 218 2047 ctabiles
244 1986 371 2045 incolere
395 1985 549 2068 regionem
573 1985 626 2045 hos
649 2005 719 2045 vero
732 1970 818 2044 'tuere
842 2004 943 2066 poenss
967 1984 997 2041 iu
1020 1983 1177 2043 tenebrosis

97 2093 190 2166 locis,
208 2104 296 2174 atque
311 2093 341 2152 in
355 2094 431 2152 coeni
444 2092 628 2175 voragimbus
640 2091 800 2151 horrendis.
816 2116 831 2144 s
843 2090 951 2151 Seneca
961 2102 1058 2149 noster
1069 2087 1179 2170 aliquid

98 2202 194 2283 tangit
204 2197 353 2283 (Epistola
360 2198 465 2282 erun)
476 2221 485 2258 r
501 2226 515 2253 α
526 2198 623 2274 Quum
634 2200 671 2260 de
683 2201 852 2260 Animarum
863 2198 1076 2259 immortalitate
1087 2198 1179 2279 loqui·

97 2331 178 2380 mur,
193 2307 328 2368 nonlcve
347 2320 525 2369 momentum
540 2307 619 2389 upud
640 2328 694 2366 nos
716 2306 803 2367 habet
824 2308 988 2366 cousensus
1006 2304 1176 2377 hominum,
1241 2286 1244 2293 ¹

98 2426 150 2475 aut
165 2415 328 2474 timentium
348 2412 476 2488 inferos,
494 2426 543 2474 aut
563 2405 729 2475 colentium.
754 2414 828 2472 Utor
843 2412 896 2473 huc
920 2412 1105 2494 persuasione
1121 2432 1179 2493 pu-

97 2520 187 2581 blica,
205 2544 219 2572 s
236 2518 373 2594 Publica,
388 2520 441 2580 sed
453 2541 513 2583 non
528 2521 645 2602 propris
662 2533 760 2579 tumen
777 2542 786 2577 ε
803 2522 908 2601 etipse
923 2520 1037 2580 abdicet
1053 2540 1085 2579 uc
1097 2540 1179 2599 sper-

98 2628 156 2689 nit.
177 2625 219 2685 Ut
236 2626 274 2684 ad
293 2626 433 2685 Marciam
446 2626 531 2708 (cap.
554 2624 635 2711 19)=
657 2654 671 2680 s
688 2626 742 2688 lllu
756 2646 819 2707 quo
842 2627 926 2686 nohis
942 2624 1048 2686 inferos
1071 2624 1179 2685 iaciunt

101 2732 257 2804 terribiles,
270 2731 367 2792 fabula
377 2744 432 2791 est.
444 2731 543 2793 Nullus
557 2734 663 2793 scimus
675 2734 827 2793 imminere
836 2732 955 2793 mortuis
967 2732 1110 2805 tenebras,
1123 2750 1177 2791 uec

99 2860 267 2911 carcerom,
281 2860 335 2898 nec
352 2838 501 2922 flagrantia
519 2842 586 2922 igne
598 2884 606 2913 ,
620 2862 675 2901 nec
691 2840 843 2900 oblivionis
862 2860 976 2899 amnem
990 2883 998 2916 ,
1014 2860 1067 2897 nec
1079 2839 1178 2897 tribu-

99 2948 200 3018 nalia,
215 2967 270 3005 nec
286 2967 362 3005 reos.
381 2944 524 3005 buserunt
538 2947 592 3005 ista
605 2958 715 3027 poetn,
733 2958 764 3005 et
779 2946 861 3004 vanis
883 2968 936 3005 nos
958 2946 1101 3028 agitavere
1116 2956 1179 3004 ten-

98 3052 225 3113 rorihus.
242 3051 324 3111 Mors
337 3053 464 3111 omnium
481 3051 612 3113 dolomm
624 3065 653 3111 et
666 3054 770 3111 solutio
781 3064 844 3124 est,
861 3062 890 3111 et
899 3053 963 3111 linis
981 3074 989 3111 s
1006 3052 1080 3112 ultra
1091 3069 1177 3132 quom

99 3159 180 3219 mala
193 3172 287 3217 nostru
299 3180 357 3217 non
372 3171 489 3218 exeunt.
506 3184 520 3211 n
537 3158 618 3229 idem
629 3157 777 3239 Epictetus
788 3157 801 3240 (
811 3158 859 3217 Ill
874 3157 995 3218 Dissert.
1014 3179 1077 3239 cap.
1100 3156 1153 3239 13)
1167 3180 1176 3215 s

103 3294 120 3321 a
136 3266 238 3327 Nullus
253 3264 345 3325 Orcus
362 3276 422 3339 est,
438 3266 535 3325 nullus
549 3266 700 3338 Acheron,
715 3266 811 3324 nullus
825 3265 965 3345 Cocytus,
979 3266 1075 3325 nullus
1090 3265 1179 3347 Pyri-

101 3373 299 3455 phlegethon,
320 3373 373 3433 sed
397 3374 494 3433 omnia
520 3374 607 3453 plena
628 3384 696 3431 sunt
719 3368 847 3433 Deorum
865 3384 894 3431 et
915 3370 1082 3432 Geniorum.
1100 3398 1114 3425 o
1142 3370 1179 3432 lt

99 3501 193 3561 quum
209 3480 256 3539 isti
273 3481 314 3539 sie
338 3490 466 3560 negant,
485 3480 584 3537 immo·
597 3491 776 3560 pernegant3
801 3498 838 3537 un
861 3478 1032 3539 dissentiunt
1050 3500 1066 3538 o
1084 3480 1178 3560 cupite

100 3608 157 3648 suo
173 3585 310 3647 Zenone?
325 3586 352 3645 N
354 3608 390 3645 on
404 3585 527 3644 arbitror
542 3608 550 3642 s
569 3606 664 3665 neque
679 3584 827 3645 &nonem
839 3584 917 3645 uliud
932 3586 1074 3660 sensisse,
1092 3608 1178 3667 quam

101 3692 180 3751 circa
189 3704 295 3753 terram
305 3694 336 3751 in
346 3712 430 3751 ooeno
437 3704 466 3750 et
474 3690 607 3750 sordibus
617 3691 751 3764 volutari,
763 3692 936 3751 eontrurium
951 3693 1057 3752 nutum
1067 3694 1157 3774 ignee
1167 3737 1176 3765 ,

101 3810 191 3879 utque
201 3798 253 3859 bos
268 3797 376 3859 inferos
389 3818 462 3857 csse.
479 3794 618 3856 lactantii
633 3798 721 3857 verba
736 3797 866 3879 inspecta
879 3795 932 3857 hoc
950 3796 1055 3859 dicent.
1069 3799 1177 3859 Tamen

103 3906 229 3977 mirum,
243 3916 273 3963 et
288 3906 371 3965 uobis
386 3904 545 3965 notandum
558 3916 622 3977 est,
641 3904 795 3986 plerosque
807 3924 908 3964 omnes
920 3916 1071 3979 veterum,
1090 3907 1178 3965 immo

102 4013 256 4094 plerasque
271 4032 370 4073 omues
387 4013 539 4094 gentium,
557 4009 667 4092 aliquid
681 4011 719 4071 de
733 4008 838 4071 luseris
854 4011 1009 4093 scriptione
1025 4055 1034 4085 ,
1051 4024 1100 4073 aut
1113 4014 1178 4093 opi·

103 4119 234 4191 natione,
257 4118 370 4179 libasse.
389 4118 591 4201 Trismegistus
603 4130 720 4199 aperte,
732 4120 764 4178 in
779 4118 826 4179 his
837 4140 901 4201 qua
916 4104 1048 4193 exstant,
1065 4120 1179 4201 insper-

102 4227 160 4286 sit:
179 4240 208 4287 et
223 4227 259 4287 de
274 4248 308 4287 co
323 4226 516 4288 Tertullianus
528 4223 614 4308 (cup.
639 4246 694 4300 ro,
714 4239 743 4286 et
761 4228 790 4287 in
805 4224 982 4309 Stobaeunis)
998 4250 1007 4287 s
1030 4253 1044 4280 a
1062 4226 1179 4287 Mercu-
