2950 4934
338 434 407 527 ⁴96
727 430 885 501 susm
908 431 1077 504 mrsu

337 589 415 649 crat,
432 602 448 630 ι
458 576 541 655 jun
552 595 602 634 eas
615 576 738 635 rationu
749 573 820 638 Fato
829 575 924 636 omnia
935 575 1012 651 lieri,
1025 603 1039 631 ι
1053 599 1117 660 qne
1129 593 1173 640 ast
1185 581 1312 663 implexa
1327 583 1407 642 series

336 705 504 754 cansarum,
521 695 552 742 et
572 683 658 742 rebus
673 683 777 754 insita,
797 682 866 742 lucis
884 684 943 742 suis
964 697 993 744 et
1007 686 1181 766 temporibus
1206 685 1378 768 proferenda
1399 713 1405 744 :

337 789 375 850 de
387 811 445 870 qua
455 787 564 848 dictum
572 787 642 847 alibi
653 800 683 848 et
694 786 860 848 dicendum.
876 787 942 850 Jaua
952 789 1026 864 linc,
1038 791 1151 872 opinor,
1166 793 1255 874 capis.
1269 795 1347 853 Auo.
1362 793 1407 852 Ca

336 898 404 979 pio,
423 917 482 956 nou
498 895 791 977 etinmprnbo3ua1n
808 895 873 976 qais
895 895 990 956 Deum
1011 897 1108 979 iguem
1131 909 1261 972 censeat,
1283 911 1334 958 ant
1351 921 1405 979 qm

336 1005 408 1064 ratio
421 1002 478 1062 huc
494 1002 598 1064 duxit?
614 1000 692 1062 ers.
714 1001 817 1084 Neque
839 1002 925 1062 nimis
945 1015 1040 1064 tamen
1051 1001 1111 1062 ltaec
1125 1005 1217 1065 aliena
1234 1024 1251 1063 a
1270 1003 1404 1074 Ratione,

335 1112 423 1170 immo
433 1133 451 1170 a
466 1109 606 1192 religione
620 1119 716 1168 nostru
729 1129 816 1167 conse
826 1150 835 1180 ,
847 1109 894 1168 cni
904 1107 992 1168 dictio
1002 1109 1055 1168 ista
1068 1109 1170 1171 alludit
1182 1133 1191 1169 r
1203 1131 1261 1169 non
1274 1112 1354 1170 euim
1363 1109 1404 1170 di-

334 1238 416 1289 cam,
435 1215 563 1276 assentit.
583 1215 629 1274 De
643 1212 783 1286 Ratione,
802 1215 892 1274 movit
905 1235 953 1274 ens
970 1213 1048 1294 quud
1063 1236 1080 1274 a
1095 1215 1188 1275 calore
1204 1228 1254 1275 aut
1266 1217 1335 1298 igue
1346 1237 1404 1275 om·

334 1343 402 1383 nem
416 1324 544 1404 vigorem
559 1332 610 1380 aut
625 1321 715 1380 vitam
730 1317 882 1393 viderent,
899 1334 932 1380 ut
948 1321 1048 1403 tetigi3
1069 1321 1100 1379 iu
1119 1322 1182 1403 ipso
1201 1323 1289 1382 etiam
1307 1323 1402 1382 Animo

334 1443 430 1490 nostro
447 1428 631 1489 acrimoniam
652 1438 682 1486 et
696 1447 823 1486 sensum.
841 1425 943 1506 ltaque
959 1425 1072 1505 jamdiu
1092 1440 1159 1488 ante
1179 1427 1363 1488 Parmenides
1378 1440 1403 1486 st

333 1535 480 1617 Hippasus
495 1535 646 1605 dixerant,
666 1531 866 1615 «principium
888 1553 984 1592 rerum
1004 1532 1105 1614 Ignem
1127 1555 1208 1607 esse;
1224 1561 1238 1586 o
1260 1533 1333 1615 quid
1352 1535 1400 1593 nisi

333 1641 450 1702 Deum?
470 1640 633 1700 Heraclitus
652 1639 738 1699 etiam
756 1640 898 1720 apertius,
919 1639 1013 1698 Deum
1029 1639 1159 1700 definivit
1173 1663 1183 1700 ε
1199 1668 1215 1693 o
1228 1640 1400 1700 Ambienten

334 1760 364 1810 et
378 1749 562 1810 circulantem
581 1747 676 1830 iguem
691 1757 846 1819 eternum,
863 1771 877 1800 n
894 1745 924 1805 id
939 1758 982 1806 est
996 1757 1069 1806 astra
1084 1758 1114 1806 et
1126 1745 1273 1807 reticerem.
1295 1747 1400 1806 llums·

333 1877 397 1916 ram
418 1856 504 1916 etiam
529 1877 564 1915 eo
585 1853 697 1914 trahem
715 1855 824 1935 possis,
839 1855 890 1934 qui
908 1853 1061 1914 «divinum
1084 1856 1203 1937 ignem»
1220 1855 1287 1915 ideo
1305 1855 1401 1916 dixisse

333 1961 472 2022 videatur.
490 1960 563 2020 Nam
577 1957 768 2041 Hippocrates
781 1958 896 2040 quidem
910 1960 1088 2040 apertissime
1098 1959 1148 2040 (de
1161 1959 1306 2044 Princip.)
1318 1985 1327 2020 ι
1341 1960 1401 2018 ulli

332 2068 416 2130 donn
425 2067 496 2128 mihi
507 2066 538 2126 id
548 2064 627 2146 quod
639 2064 789 2138 Calidum,
804 2066 866 2126 sive
878 2065 996 2148 Ignem,
1009 2065 1146 2140 dicimus,
1160 2066 1321 2128 immortale
1331 2088 1398 2138 esst,

333 2188 362 2234 ct
375 2173 533 2254 intelligere
547 2172 663 2244 omnia,
680 2183 710 2230 et
721 2169 835 2244 videre,
851 2183 880 2231 et
894 2169 1012 2242 audire,
1028 2183 1057 2231 et
1069 2171 1142 2231 scire
1152 2173 1248 2231 omnia
1259 2174 1400 2254 pruentia

332 2293 363 2340 ct
377 2279 483 2340 lutura.
495 2304 510 2332 s
528 2277 624 2338 Potest
635 2275 761 2358 aliquid,
776 2289 842 2338 aute
856 2288 938 2336 natos
952 2275 1071 2352 Stoicos,
1088 2277 1178 2360 magis
1189 2275 1335 2337 Stoicum.l
1346 2276 1401 2335 Tri-

332 2388 479 2448 buitenim
486 2384 701 2456 AEtcrrtitatem,
714 2385 837 2458 Senam,
847 2382 1041 2458 Intellectum,
1054 2383 1206 2444 scientiam
1218 2396 1246 2444 et
1257 2383 1390 2444 Praescicn

331 2495 412 2554 tiam.
434 2493 536 2574 Neque
558 2487 708 2552 dissimilia
732 2489 841 2550 Plinius
858 2489 895 2549 dc
912 2491 974 2550 Deo
997 2513 1006 2548 t
1028 2489 1188 2570 «Quisquis
1210 2502 1271 2563 cst,
1297 2492 1399 2571 inquit,

332 2599 428 2671 Deus,
450 2610 526 2658 totus
545 2609 721 2670 estscnsus,
742 2608 816 2656 totus
836 2596 931 2669 visus,
951 2605 1027 2655 totus
1045 2595 1174 2669 auditis,
1194 2607 1270 2656 tutus
1285 2597 1398 2669 anima,

332 2701 1401 2782 tonnanimi,nnnsui.»Qnidmirnmtonhncineoesse,aquo
1453 2729 1454 2745 κ

331 2813 372 2872 sic
386 2811 502 2893 largiter
518 2809 684 2882 dimanant,
697 2807 802 2889 partita
815 2808 892 2868 omni
909 2829 968 2866 nvn
980 2809 1010 2866 in
1027 2807 1146 2867 omues?
1159 2807 1216 2869 Sed
1229 2807 1362 2890 profanos
1373 2821 1402 2866 nt

330 3025 405 3084 iuter
415 3044 464 3084 eos
476 3041 643 3095 recensere,
658 3020 741 3098 cujus
755 3019 933 3101 philosophia
943 3020 1026 3080 valde
1036 3039 1102 3080 cum
1115 3021 1239 3080 Mosaios
1250 3019 1294 3101 (in
1310 3020 1402 3080 multis

330 3129 615 3212 quidem)consentit.
626 3128 680 3188 llle
690 3128 796 3208 passim
803 3127 896 3188 Deum
909 3140 981 3207 poss
991 3169 1000 3200 ,
1009 3125 1181 3188 sissimo
1186 3151 1200 3200 ,·
1209 3141 1239 3188 et
1248 3127 1304 3188 Dei
1315 3129 1401 3187 filium

330 3238 448 3315 ΜΝ*
457 3239 546 3316 limi
557 3233 693 3294 ῙΜΜ
703 3233 815 3294 corinna
829 3233 964 3314 appellat.
979 3233 1031 3293 Ille
1045 3245 1140 3293 autam
1156 3233 1315 3294 Stoicorum
1330 3235 1402 3316 iguis
1451 3229 1452 3266 l

331 3340 395 3402 Lux
411 3354 441 3402 ct
455 3341 596 3423 Splendor
611 3340 706 3400 verius
722 3351 783 3412 ast,
800 3361 866 3398 cnm
884 3340 977 3400 calore
996 3352 1110 3414 umen,
1125 3361 1211 3421 quam
1227 3340 1334 3402 densus
1348 3342 1404 3400 ali-

330 3447 395 3528 quis
415 3447 505 3528 Ignis.
525 3445 680 3507 Enimvero
699 3447 762 3526 ipsc
781 3446 888 3506 Moises
906 3447 1059 3530 imaginem
1077 3448 1160 3506 istam
1175 3447 1237 3506 Deo
1252 3446 1341 3507 dunat
1354 3471 1363 3506 t
1377 3458 1404 3506 et

330 3554 493 3634 oppam'sse
511 3554 569 3614 aidi
582 3553 695 3626 scribit,
710 3553 740 3612 r'u
751 3552 820 3613 mdo
837 3553 967 3626 ardema
982 3553 1115 3614 Israelitis
1133 3555 1295 3635 praeivisse,
1310 3557 1340 3614 ia
1356 3575 1404 3612 oo-

328 3661 427 3720 Iamaa
441 3660 533 3738 akra&
549 3659 603 3718 sed
617 3671 652 3718 et
666 3657 747 3736 Ignis
763 3679 923 3720 commem
938 3658 1006 3718 alibi
1024 3658 1192 3742 appellatur.
1211 3657 1309 3732 Quid,
1327 3659 1402 3740 quod

329 3785 409 3824 sacer
418 3765 465 3824 ille
473 3764 594 3846 Spiritus
604 3765 635 3823 in
645 3764 794 3844 Apostolos
802 3766 882 3824 venit
890 3776 919 3823 ct
929 3785 961 3824 se
971 3762 1113 3837 ostendit,
1128 3766 1157 3824 io
1170 3762 1289 3843 bingam
1300 3767 1403 3844 ἰρπιίεῗ

330 3871 394 3931 Nou
405 3870 593 3952 quodlguem
604 3870 697 3930 Deum
710 3868 856 3944 dicamus,
872 3872 946 3931 absit
959 3895 966 3930 ε
979 3871 1031 3931 scd
1041 3870 1118 3952 quod
1128 3871 1182 3931 iun
1195 3897 1209 3924 a
1221 3872 1325 3932 disinae
1338 3895 1403 3954 prn-

328 3978 456 4058 prietatis
466 3975 566 4058 (verba
578 3978 709 4058 Dionysii
722 3979 912 4061 Areopagitae,
927 4000 991 4059 cap.
1009 3978 1044 4040 15
1057 3978 1093 4038 de
1106 3979 1203 4038 Divin.
1217 3979 1319 4059 Nom.)
1331 3981 1403 4038 inter
1448 4005 1449 4024 κ

327 4083 405 4159 laec,
426 4106 489 4166 qum
505 4085 560 4144 sub
575 4084 671 4146 oculos
687 4085 811 4158 cadunt,
830 4086 966 4168 plurimas
981 4086 1120 4167 imagines
1135 4085 1249 4146 habeat.
1267 4113 1282 4138 ι
1304 4086 1403 4167 Itaque

328 4191 415 4252 Stoici
437 4190 516 4252 haud
539 4192 624 4252 nimis
645 4192 779 4267 absurdi,
800 4194 825 4252 si
844 4193 1021 4254 divinitatem
1040 4193 1080 4252 illi
1099 4193 1241 4253 dederamt
1256 4217 1266 4253 r
1282 4195 1360 4276 quod
1375 4207 1400 4251 ct

225 2917 231 2922 ’
330 2917 479 2988 ominum,
498 2916 571 2975 sacri
592 2914 745 2994 scriptores
764 2912 820 2972 huc
843 2913 928 2972 etiarn
951 2925 1030 2972 eunt.
1056 2911 1153 2974 Liceat
1174 2914 1402 2975 Teo-maximnm
1452 2939 1453 2944 ¹
