2950 4934
290 553 356 644 39⁰
580 602 583 611 .
657 549 1000 621 FRAGMENTA

288 678 351 750 sed
370 702 517 775 semper.
539 682 666 751 Verum
684 681 753 749 hoc
778 682 946 769 interest,
970 680 1064 774 quod
1082 633 1212 778 majora
1230 708 1292 754 nos
1308 685 1369 754 lu·

291 797 416 866 dimus.
437 823 454 862 s

762 938 826 1015 Cap.
836 957 899 996 vm.

346 1086 401 1155 16.
425 1086 552 1155 Melius
567 1088 673 1180 igitur
688 1088 819 1157 Seneca
835 1089 985 1157 omnium
1002 1088 1193 1161 Stoicorum
1205 1092 1372 1160 acutissi-

291 1228 387 1287 mus,
409 1206 470 1297 qui
490 1202 579 1276 vidit
602 1204 690 1274 nibil
707 1203 892 1275 aliudesse
912 1208 1096 1293 Naurrelm,
1121 1230 1222 1301 quam
1240 1211 1367 1277 Deum.

294 1350 313 1384 o
329 1326 441 1419 Ergo,
457 1324 592 1417 inquit,
608 1324 720 1393 Deum
734 1346 804 1391 non
818 1321 1053 1407 laudabimus,
1071 1326 1126 1393 cui
1141 1326 1373 1396 naturalisest

290 1440 400 1507 virtus
410 1441 425 1509 P
436 1441 509 1508 Nec
521 1440 613 1508 enim
627 1439 720 1508 illam
735 1436 858 1508 didicit
871 1462 912 1509 ex
922 1439 1005 1509 ullo.
1015 1443 1121 1510 Immo
1131 1440 1369 1529 laudabimus,

295 1554 450 1647 quamvis
475 1556 568 1624 enim
592 1556 758 1624 naturalis
780 1555 914 1639 illisit,
936 1556 1002 1625 sibi
1024 1556 1123 1625 illam
1136 1557 1253 1642 dedit,
1281 1581 1372 1651 quo·

292 1673 384 1741 niam
399 1674 493 1740 Deus
511 1674 584 1766 ipae
601 1688 723 1741 natura
739 1688 804 1742 cst.
828 1698 846 1736 s

704 1862 954 1936 mmmm

349 2032 401 2103 ¹7·
426 2004 556 2075 Eodem
582 2007 704 2076 ductus
728 2031 845 2077 errore
867 2008 997 2078 Seneca
1011 2008 1114 2102 (quis
1138 2007 1232 2077 enim
1256 2031 1376 2078 veram

293 2122 383 2197 viam
397 2136 542 2205 teneret,
559 2138 695 2191 errante
710 2123 877 2202 Cicerone
888 2123 946 2213 i’):
967 2120 1225 2217 «Philosophia,
1243 2122 1373 2214 inquit,

235 2259 239 2275 ³
296 2234 385 2325 nihil
402 2236 497 2305 aliud
515 2252 588 2324 est,
610 2263 712 2330 quam
729 2254 822 2309 recta
838 2238 978 2309 vivendi
998 2239 1107 2326 ratio,
1129 2238 1205 2322 vel,
1228 2238 1376 2306 honeste

294 2353 433 2423 vivendi
448 2356 590 2435 scientia
606 2384 616 2443 ς
633 2357 709 2441 vel,
726 2335 782 2448 ars
800 2373 892 2427 recte
910 2358 989 2430 vitae
1006 2353 1162 2451 agenda.
1177 2356 1257 2425 Non
1273 2380 1378 2424 erru-

294 2468 432 2558 bimus,
455 2474 484 2541 si
507 2471 692 2543 dixerimus
709 2473 962 2570 philosophiam
982 2498 1056 2545 esse
1073 2471 1185 2566 legem
1202 2471 1295 2539 bene
1311 2471 1379 2539 bo-

295 2601 460 2677 nesteque
469 2585 619 2675 vivendi.
634 2590 676 2655 Et
686 2590 747 2680 qui
760 2588 886 2674 dixerit
894 2587 988 2660 illam
997 2586 1259 2699 regulumvitae,
1275 2609 1377 2676 sunm

297 2701 349 2783 illi
367 2726 493 2771 nomen
509 2702 713 2772 reddiderit.
733 2732 750 2769 s

784 2873 892 2927 lbidem·
975 2890 979 2897 ·

351 3018 407 3085 18.
430 3016 516 3086 Item
534 3016 665 3086 Seneca
682 3018 720 3085 in
743 3015 1067 3115 Exhortationibus,
1090 3014 1312 3107 «Plerique,
1326 3016 1382 3083 in-

297 3130 390 3221 quit,
414 3126 695 3223 philosophorum
712 3130 798 3198 tales
814 3145 914 3213 sunt,
933 3145 973 3199 ut
989 3130 1058 3198 sint
1074 3125 1193 3198 diserti
1207 3130 1245 3197 in
1260 3130 1389 3201 couvi-2

298 3248 388 3315 cium
407 3269 527 3335 suum3
553 3248 683 3340 quossi
703 3247 821 3317 audias
842 3248 879 3315 in
897 3248 1096 3328 avaritiam,
1115 3250 1152 3316 in
1169 3245 1382 3333 libidinem,

297 3364 336 3430 in
354 3361 572 3432 ambitionem
589 3381 811 3456 perorantes,
829 3364 1050 3459 professionis
1063 3362 1230 3432 indicium
1248 3378 1381 3456 putes:

297 3478 384 3549 adeo
409 3478 603 3548 redundant
618 3480 663 3549 ad
681 3483 773 3575 ipsos
792 3481 971 3551 maledicta
991 3482 1029 3549 in
1048 3481 1226 3576 publicum
1246 3481 1351 3549 missa
1367 3507 1380 3564 ς

298 3621 384 3690 quos
409 3620 479 3667 non
496 3598 597 3667 aliter
613 3598 741 3667 intueri
763 3598 885 3686 decet,
913 3622 1016 3692 quam
1032 3597 1208 3682 medicos,
1229 3621 1382 3693 quotum

297 3714 389 3785 tituli
404 3714 555 3785 remedia
567 3713 719 3800 habent,
740 3714 884 3810 pyxides
898 3740 1043 3788 venena.
1063 3742 1082 3780 s
1229 3702 1242 3707 ’

740 3896 743 3901 ·
787 3882 897 3938 ibidem.

351 4066 407 4136 ¹9·
432 4068 450 4110 o
468 4044 588 4114 Faciet
601 4046 758 4139 sapiens,
774 4044 888 4139 inquit
904 4042 998 4112 idem
1015 4044 1162 4129 Seneca,
1179 4044 1281 4115 etism
1305 4069 1387 4139 qnae

298 4186 368 4231 non
391 4161 573 4257 probabit,
595 4180 635 4231 ut
652 4162 754 4231 etiam
775 4160 820 4231 ad
842 4160 971 4257 majora
994 4162 1172 4231 transitum
1194 4164 1383 4234 inveniat:

299 4302 362 4349 nec
375 4278 546 4374 relinquet
563 4279 671 4351 bonos
684 4302 816 4365 mores,
835 4256 897 4349 sed
911 4261 1057 4373 tempori
1074 4279 1238 4375 aptabit:
1254 4297 1291 4350 et
1302 4283 1388 4375 qui-
