2950 4934
273 446 332 510 152
562 443 600 506 n.
627 436 805 525 Annei
829 433 1045 502 sannen

258 567 413 655 Deinde,
427 564 591 636 desiderii
606 564 708 634 stulta
721 564 920 655 conquestio
932 581 1004 648 est,
1021 562 1082 631 ubi
1095 565 1273 633 minimum
1285 567 1346 634 in-

265 701 369 754 terest
386 686 476 753 inter
489 683 649 750 amissum
663 696 698 749 et
710 677 962 750 desiderantem
980 703 1046 748 :eo
1059 681 1176 772 itaque
1190 680 1345 772 aequiore

262 802 375 868 animo
394 821 468 866 esse
482 795 669 879 debemus,
692 794 805 889 quod,
826 818 912 888 quos
930 797 1123 876 amisimus,
1147 795 1338 886 sequimur.

261 915 406 1011 Respice
423 915 630 983 celeritatem
651 911 857 1007 rapidissimi
881 912 1066 1003 temporis3
1087 912 1201 1003 cogita
1216 909 1343 979 brevi-

260 1048 363 1102 tatem
386 1031 488 1124 hujna
511 1030 630 1124 spatii,
652 1052 716 1122 per
735 1024 829 1121 quod
847 1025 1036 1096 citatissimi
1060 1027 1250 1115 currimns3
1270 1025 1342 1094 ob-

200 1231 203 1238 ,
260 1171 357 1217 nerva
370 1147 464 1216 hune
478 1147 672 1216 comitatum
688 1145 826 1239 generis
840 1142 999 1224 hnmani,
1016 1139 1137 1212 eodem
1150 1141 1337 1225 tendentis,

258 1262 409 1332 minimis
424 1261 614 1331 intervallis
629 1260 845 1340 distinctum,
862 1261 966 1328 etiam
980 1257 1040 1327 ubi
1054 1258 1198 1327 maxima
1213 1255 1340 1326 viden-

216 1412 232 1463 g
257 1394 315 1448 tur
331 1404 338 1444 :
355 1401 457 1470 quem
471 1392 570 1472 putes
582 1377 732 1471 perisse,
750 1376 943 1469 praemissus
959 1390 1022 1443 est.
1039 1373 1137 1471 Quid
1147 1389 1261 1442 antem
1273 1371 1341 1442 de-

258 1495 426 1577 mentius,
448 1517 570 1584 quem,
593 1516 699 1585 quum
725 1491 818 1559 idem
843 1489 906 1557 tibi
929 1491 996 1558 iter
1013 1488 1249 1559 emetiendum
1262 1491 1335 1574 sit,

257 1610 341 1678 llere
356 1629 453 1692 eum,
469 1609 529 1702 qni
542 1607 726 1676 antecessit
737 1608 753 1674 Ρ
763 1605 842 1674 Flet
857 1605 982 1697 aliquis
997 1606 1140 1687 lactum,
1160 1604 1252 1698 qnod
1265 1630 1338 1674 non

256 1727 430 1818 ignoravit
447 1725 622 1793 futurum?
640 1738 699 1792 aut
708 1774 725 1808 ,-
738 1723 767 1789 si
783 1738 927 1789 mortem
942 1723 979 1790 in
995 1721 1135 1791 homine
1151 1747 1220 1791 non
1237 1724 1337 1817 cogi-

257 1843 358 1925 tavit,
385 1840 449 1910 sibi
468 1843 675 1934 imposuit&
698 1839 776 1908 Flet
798 1837 923 1930 aliquis
942 1837 1087 1925 sactum,
1109 1836 1203 1931 qnod
1221 1840 1337 1908 aiebat

257 1983 326 2026 non
341 1982 440 2053 posse
456 1981 524 2026 non
538 1958 615 2025 fieri
625 1957 640 2024 ,⁰
649 1954 817 2049 Quisquis
829 1953 978 2046 aliquem
993 1956 1149 2048 queritur
1162 1969 1335 2024 mortuum

257 2096 351 2157 esse,
377 2075 534 2166 queritur
556 2059 729 2140 hominem
753 2070 869 2137 fuisse.
894 2070 1022 2138 Omnes
1044 2067 1164 2138 eadem
1182 2067 1336 2139 conditio

214 2229 231 2280 9
254 2184 410 2254 devinxit
426 2209 434 2254 ι
450 2187 506 2254 cui
522 2185 615 2253 nasci
632 2184 796 2277 contigit,
815 2185 903 2251 mori
920 2183 1245 2253 restat.‚1ntervallic
1259 2183 1336 2252 dis-

257 2301 460 2394 tinguimur,
473 2301 763 2393 exitnaeqnamur.
774 2302 860 2396 lice,
873 2300 965 2394 qnod
975 2302 1066 2369 inter
1078 2303 1226 2395 primum
1239 2299 1334 2368 diem

255 2433 291 2484 et
312 2415 466 2486 ultimum
481 2417 594 2510 jacet,
615 2417 749 2486 varium
766 2419 1004 2509 incertumque
1024 2435 1074 2486 est
1091 2444 1100 2485 z
1115 2419 1146 2485 si
1163 2417 1333 2485 molestias

254 2535 415 2621 estimas,
432 2535 533 2603 etiam
548 2557 656 2626 puero
671 2533 832 2627 longnm3
848 2535 877 2602 si
891 2534 1120 2616 velocitatem,
1136 2535 1239 2602 etiam
1255 2535 1331 2602 seni

254 2665 448 2744 angustum.
469 2648 565 2720 Nihil
584 2672 653 2716 non
673 2648 843 2718 lubricum
862 2667 898 2717 et
920 2649 1043 2731 fallax,
1067 2666 1102 2719 et
1126 2652 1219 2718 omni
1242 2667 1332 2720 tem-

253 2782 384 2861 pestate
412 2765 585 2834 mobilius.
613 2769 791 2834 Jactantur
817 2783 959 2849 cuncta,
989 2784 1025 2835 et
1053 2769 1090 2836 in
1121 2770 1331 2837 contrarium

254 2899 452 2970 transeunt,
472 2879 611 2979 jubente
631 2881 768 2950 fortuna
790 2907 799 2948 ε
821 2899 857 2950 et
875 2883 913 2950 in
933 2899 1026 2952 tanta
1042 2884 1252 2954 volutatione
1266 2909 1332 2953 re-

254 3023 330 3068 rum
346 2999 571 3068 humanarum
589 2997 679 3064 nihil
696 2998 876 3089 cuiquam,
897 2999 965 3068 nisi
982 3022 1073 3068 mors
1082 3050 1093 3085 ‚
1112 3018 1244 3070 certum
1260 3018 1327 3070 est.

93 3101 94 3110 ἵ
197 3161 228 3196 ,ο
253 3117 385 3186 Tamen
403 3115 446 3184 dc
462 3140 503 3185 eo
520 3130 712 3207 queruntur
728 3137 863 3197 omnes,
885 3116 921 3182 in
937 3141 1007 3208 qno
1024 3141 1094 3184 nno
1112 3142 1213 3188 nemo
1230 3117 1328 3189 deci·

253 3235 359 3327 pitur.

306 3346 403 3417 »Sed
429 3373 517 3440 puer
542 3346 702 3417 decessit!
719 3324 772 3401 ¹—-
788 3347 947 3416 Nondum
975 3347 1072 3430 dico,
1101 3349 1222 3417 melius
1246 3353 1327 3444 *agi

252 3489 329 3536 cum
354 3488 395 3536 eo
417 3465 477 3556 qni
503 3465 573 3532 vita
598 3463 798 3557 defungitur
828 3490 836 3530 ι
862 3463 906 3532 ad
929 3444 1007 3533 euin
1032 3481 1240 3538 transeamus
1265 3470 1326 3560 qui

250 3581 448 3668 consenuit3
467 3581 632 3674 quantulo
649 3581 757 3649 vincit
782 3580 944 3649 infantem
958 3583 974 3649 i
986 3585 1144 3675 Propone
1163 3587 1327 3678 temporis

249 3696 409 3790 profundi
428 3698 638 3778 vastitatem,
660 3712 696 3764 et
712 3697 909 3766 universum
928 3694 1178 3790 complectere3
1198 3697 1326 3769 deinde

249 3812 327 3898 hoe,
343 3813 435 3906 quod
446 3831 575 3882 aetatem
588 3812 954 3896 vocamushumanam‚
969 3837 1127 3908 compara
1137 3817 1322 3883 immenso:

284 4073 304 4104 ι.
316 4052 376 4106 siba·
389 4057 520 4124 imposuit.
535 4052 702 4127 semetipsum
715 4055 758 4105 se·
807 4053 899 4106 liorem
909 4073 962 4108 este
972 4055 1146 4109 conditionem
1154 4054 1208 4128 ejus
1218 4053 1325 4125 quisita

248 4131 321 4184 fellit.
807 4131 962 4203 defungitur.
981 4133 1053 4186 Bene
1070 4133 1146 4187 vertit
1163 4133 1325 4203 laetanea.-

281 4227 305 4260 α.
316 4209 414 4262 Melius
421 4213 469 4280 agi
476 4228 535 4263 cum
547 4229 576 4262 eo
585 4222 631 4263 etc.
643 4211 693 4262 lnt.
702 4230 756 4262 me·
811 4208 871 4278 Qut
882 4215 949 4264 celui
960 4215 1008 4280 qni
1017 4221 1057 4264 est
1068 4213 1228 4265 de'bnrrasse'
1244 4213 1279 4266 de
1292 4216 1323 4265 la
