2950 4934
394 487 669 559 amaruan
693 488 818 557 cxx.
1078 494 1145 587 319

82 617 195 715 rapido
214 619 310 689 alveo
327 619 496 699 fluminis,
515 635 554 687 ut
572 634 721 688 armatus
735 626 766 703 ⁸,
786 642 888 713 mam
901 635 940 689 ut
952 620 1146 691 salvuseri·

83 756 147 822 ret,
157 752 290 809 retento
299 760 469 806 armorum
481 736 673 806 victricium
683 735 827 825 decore,
843 754 911 809 tam
921 754 1013 809 tutus
1021 741 1142 826 rediit,

83 858 218 949 quamsi
234 859 362 949 ponte²
375 854 536 923 venisset.
560 855 641 921 Haeo
654 867 689 921 et
701 851 895 946 hujusmodi
915 854 1003 923 facta
1020 856 1147 950 imagi·

83 994 154 1039 nem
169 969 268 1037 nobis
281 966 462 1037 ostendere
474 966 630 1035 Virtutis.

126 1084 315 1179 Adjieiam,
339 1082 432 1177 quod
449 1084 572 1151 mirum
589 1083 729 1153 fortasse
741 1082 919 1153 rideatur:
936 1084 1024 1154 mala
1041 1087 1147 1155 inter-

83 1200 157 1271 dum
169 1202 314 1295 speciem
327 1200 460 1269 bonesti
475 1197 692 1282 obtulerunt,
708 1213 742 1266 et
751 1201 914 1293 optimum
924 1222 966 1268 ex
976 1198 1146 1271 contrario

82 1320 193 1387 nituit.
215 1318 304 1387 Sunt
320 1311 449 1401 enim³,
465 1330 504 1385 ut
521 1316 605 1398 scis,
623 1316 815 1385 Virtutibus
831 1318 916 1387 vitia
928 1319 1096 1402 confinia,
1113 1336 1148 1389 et
1190 1370 1196 1379 ·

81 1434 222 1530 perditis
235 1456 373 1527 quoque
385 1456 425 1501 ao
437 1431 594 1527 turpibus
606 1433 691 1501 recti
706 1427 893 1504 similitudo
903 1451 967 1505 est.
980 1436 1038 1505 Sic
1049 1462 1147 1506 men·
1171 1476 1189 1530 9

81 1550 335 1645 titnrprodigus
346 1548 519 1618 liberalem
532 1574 542 1634 3
557 1571 660 1640 quum
674 1548 859 1641 plurimum
869 1553 1016 1635 intersit,
1033 1569 1147 1622 utrum

81 1667 361 1762 quisdarescist‚
378 1688 422 1733 an
435 1686 570 1733 servare
581 1666 722 1733 neseiat.
735 1666 856 1751 Multi,
873 1668 1031 1760 inquam,
1048 1684 1145 1753 sunt,

82 1782 211 1869 Lucili,
233 1784 292 1877 qui
316 1805 385 1850 non
409 1781 555 1861 donant,
584 1778 645 1848 sed
661 1780 870 1874 projiciunt3
891 1806 960 1851 non
984 1808 1068 1852 voco
1084 1807 1149 1877 ego

81 1900 272 1984 liberalem,
286 1897 441 1992 peonuiae
452 1918 520 1964 sum
531 1896 666 1963 iratum.
678 1896 834 1964 Imitatur
841 1896 1052 1990 negligentia
1065 1898 1152 1967 saei-

83 2015 226 2093 litatem‚
247 2012 418 2080 temeritas
437 2007 684 2078 fortitudinem.
702 2012 783 2079 Haec
796 2034 859 2079 nos
870 2010 1057 2080 similitudo
1069 2036 1148 2080 oue-

87 2132 132 2222 git
147 2126 343 2212 attendere,
366 2141 401 2194 et
423 2126 634 2221 distinguere
656 2127 769 2219 specie
793 2127 932 2219 quidem
954 2126 1089 2210 vicina,
1111 2140 1150 2195 re

87 2262 191 2314 autem
212 2243 399 2339 plurimum
419 2244 510 2313 inter
532 2266 568 2310 so
587 2241 797 2311 dissidentia.
821 2245 910 2316 Dum
932 2245 1150 2313 observamus

88 2386 159 2448 eos,
178 2384 266 2454 quos
279 2360 430 2453 insignes
446 2358 623 2451 egregium
642 2382 727 2451 opus
742 2359 887 2444 fecerat,
905 2362 1068 2455 coepimus
1084 2385 1149 2429 an·

89 2495 199 2545 notare
209 2526 221 2562 ,
255 2476 333 2568 quis
360 2498 432 2543 rem
457 2474 607 2567 aliquam
634 2500 798 2569 generoso
825 2479 938 2546 animo
964 2479 1098 2546 iecisset
1116 2491 1152 2544 et
1208 2502 1212 2507 ’

89 2613 203 2685 magno
216 2591 357 2683 impetu.
374 2587 442 2657 Sed
453 2583 577 2656 semel⁴
593 2588 686 2657 bunc
700 2588 846 2658 vidimus
859 2592 896 2657 in
910 2588 1000 2658 bello
1014 2591 1148 2670 sortem,
1179 2622 1209 2657 ιο

89 2708 122 2775 in
137 2710 207 2777 foro
225 2705 380 2775 timidum
393 2734 403 2794 3
418 2706 567 2774 animose
587 2722 819 2800 paupertatem
837 2708 1021 2790 ferentem,
1038 2708 1152 2775 humi-

89 2822 164 2892 liter
187 2823 388 2893 infamiam:
410 2822 534 2890 sactum
557 2820 793 2906 laudavimus,
816 2826 1075 2916 contempsimus
1101 2824 1155 2890 vi-

90 2963 172 3007 rum.
195 2940 308 3009 Alium
325 2938 472 3007 vidimus
486 2936 647 3007 adversus
660 2941 787 3007 amieos
802 2939 1009 3037 benignum,
1030 2938 1153 3009 adver-

90 3162 172 3228 nobis,
183 3176 211 3215 ut
224 3161 284 3215 dolo
300 3160 447 3224 videamur,
461 3158 530 3228 qussi
545 3178 596 3212 ne·
645 3160 706 3213 Tres
719 3162 793 3214 codd.
806 3174 830 3212 et
844 3162 884 3213 ed.
897 3162 1000 3231 antiqua
1011 3182 1017 3213 τ
1028 3165 1053 3213 si
1061 3172 1159 3228 sponte.

91 3238 239 3306 quiverimus
257 3239 368 3302 virtute,
389 3236 486 3291 bellum
506 3256 596 3309 perpe-
643 3238 837 3291 Rachle—Tam
848 3250 902 3291 tuto
912 3258 1157 3313 peraqusm,qusm

92 3329 171 3372 truse.
184 3318 274 3372 Ruta.
645 3317 665 3369 si
679 3336 722 3388 per
733 3330 844 3390 pontem.

123 3394 597 3469 r.Armutus.Scutostglsdio‚lorip-
681 3394 1159 3449 3.Suntenim...ss'mile'!udoest.ldem

94 3472 129 3523 Ci-
140 3473 233 3549 Copori
243 3474 318 3530 Obss.
330 3476 358 3539 l,
372 3494 385 3543 7
398 3496 422 3547 p.
435 3475 466 3539 43
479 3472 518 3525 ed.
529 3472 595 3545 Lips.
646 3472 762 3525 observat
770 3487 854 3527 noster
864 3473 896 3525 de
907 3472 1048 3525 Clementis
1058 3472 1084 3533 l,
1097 3471 1123 3535 3,
1138 3490 1160 3528 ι,

94 3549 355 3605 Rrsdlt.-·Tiberine
364 3564 442 3625 pater,
454 3550 597 3619 inquit‚te,
648 3544 687 3601 (il.
703 3548 817 3603 Curtium
836 3551 869 3603 sd
887 3550 988 3603 Sallust.
1007 3550 1039 3603 de
1056 3551 1087 3601 B.
1105 3548 1160 3600 Cat.

94 3623 600 3702 moepreeorhacsrmaethuucmili·
648 3647 668 3679 c.
683 3628 728 3679 xt.
748 3628 852 3697 Propter
873 3626 940 3679 bane
959 3626 1077 3678 viciniam
1097 3627 1161 3679 vitis

95 3717 140 3759 lom
151 3710 258 3782 propitio
272 3707 376 3760 flumine
388 3706 503 3778 accipias.
515 3706 552 3756 lta
563 3704 600 3756 sio
648 3704 777 3756 interdum
783 3705 904 3757 virtutum
912 3704 1013 3756 laudam
1021 3704 1158 3777 accipiunt,

96 3799 197 3839 umatus
207 3788 235 3841 in
246 3784 361 3839 Tiberim
373 3784 488 3847 desiluit;
501 3783 602 3835 multis·
648 3782 763 3854 inprimis
776 3784 842 3856 apud
854 3783 997 3836 adulatores
1006 3802 1012 3835 ι
1022 3784 1080 3835 ride
1091 3804 1159 3857 egre·

96 3878 139 3929 que
145 3862 388 3937 superincidentibus
402 3862 457 3915 telis
466 3860 600 3913 incolumis
649 3860 719 3929 giam
732 3857 780 3911 bas
793 3860 825 3913 ds
837 3880 863 3911 re
875 3860 958 3911 locum
971 3859 1085 3914 Platonis
1097 3863 1161 3926 vll,

95 3938 124 3988 td
136 3959 195 3993 snos
205 3942 327 4007 usnavit,
341 3960 393 3993 nm
406 3960 479 3993 susus
491 3940 546 4012 plus
557 3941 601 3991 t'a-
653 3940 683 3991 55
696 3937 750 4005 bip.
765 3940 862 3990 Lucret.
876 3938 923 4001 IV,
940 3940 1002 4003 1154
1014 3958 1050 4010 sq.
1063 3952 1086 3991 st
1098 3959 1161 4010 quos

96 4030 141 4068 me
159 4016 301 4071 babituram
319 4020 350 4070 sd
373 4030 500 4091 posteros,
522 4034 598 4086 quam
650 4015 735 4069 laudat
758 4016 852 4068 Jacobs
878 4016 984 4069 amiciss.
1009 4016 1041 4068 sd
1067 4016 1164 4069 Brual.

97 4090 160 4147 fidei.
170 4118 184 4145 s
196 4098 245 4151 Tit.
257 4100 311 4152 biv.
322 4096 368 4149 lib.
380 4097 423 4161 ll,
439 4115 475 4149 ιο.
651 4093 725 4146 Anat.
741 4093 877 4145 Animadv.
888 4094 947 4146 Vol.
962 4095 1007 4145 ill.
1023 4095 1052 4147 P.
1069 4095 1106 4145 ΙΙΙ
1114 4132 1122 4159 ,
1137 4115 1162 4167 p.

129 4194 152 4224 ι.
169 4174 203 4228 Ss'
218 4187 299 4245 ponte.
314 4177 358 4229 Sic
377 4177 476 4228 Erasm.
492 4185 515 4226 et
527 4172 601 4225 codd.
653 4174 692 4236 54.
705 4171 795 4223 Buta.

99 4266 151 4317 Ρη
161 4252 309 4309 tl’ineisnn
316 4254 376 4307 inde
385 4253 456 4306 satit:
464 4254 489 4305 si
498 4260 603 4319 sponte.
686 4252 709 4315 4.
722 4248 777 4301 Sed
785 4254 866 4302 semel
875 4249 940 4302 bunc
952 4270 977 4300 o.
993 4250 1034 4302 Sic
1045 4247 1163 4320 conjunxi
