2950 4934
490 455 776 530 saissonis.
1100 457 1182 555 473Ι

94 582 171 644 Jam
188 581 344 645 rideamus
362 601 426 664 epm
445 579 484 643 sit
499 581 553 643 illa
568 582 719 646 mirabilis
741 582 905 662 sententia,
923 581 988 665 (pm
1003 585 1169 646 commorit

97 686 339 772 Hieronymum,
352 699 385 748 ut
398 685 545 750 Senecam
557 688 705 751 insereret
714 689 852 773 catalogo
860 701 1048 765 sanctorum,
1062 689 1094 752 in
1107 709 1167 772 quo

96 807 197 856 umen
207 806 484 856 commemorantur
495 805 525 856 et
537 793 561 855 J
561 795 654 870 udaei,
667 807 697 856 et
706 794 838 858 haeretiei
852 795 892 856 ab
903 793 1035 857 eeclesiae
1046 814 1169 858 consor·
1233 781 1235 796 ’

95 900 138 961 tio
146 900 282 983 digressi.
291 898 328 961 In
338 901 464 984 epistola
474 923 538 983 quse
546 901 687 985 praecedit
694 901 894 985 penultimam
904 899 997 980 (ΧΠ)
1003 901 1044 962 ita
1055 901 1168 978 scribit,

98 1032 113 1058 u
124 1002 267 1086 Namqui
278 1018 345 1067 tuus
356 1018 401 1068 est
411 1007 490 1090 apud
499 1019 566 1068 tuos
577 1006 672 1085 loeus,
681 1006 773 1069 selim
782 1021 815 1069 ut
822 1006 860 1069 sit
868 1007 948 1091 apud
956 1027 1041 1069 meos
1053 1029 1168 1069 mens.»

95 1108 173 1174 Haec
188 1109 396 1198 Hieronymus
409 1112 517 1175 tribuit
528 1111 652 1176 senem
671 1113 846 1184 modestiae;
862 1113 944 1195 atqui
961 1109 1074 1175 Paulus
1091 1115 1172 1196 apud

96 1215 289 1281 Christianos
311 1233 376 1282 erat
394 1241 513 1282 summo
529 1220 561 1281 in
575 1221 696 1303 pretio,
714 1233 747 1282 ut
761 1234 832 1303 pote
845 1219 1014 1303 apostolus,
1031 1219 1082 1301 qui
1103 1220 1170 1302 plus

96 1325 239 1388 omnibus
260 1327 420 1390 laborarit.
434 1326 485 1389 Au
501 1325 617 1391 Seneca
633 1341 717 1412 optat
733 1329 805 1392 talis
821 1349 886 1391 esse
902 1330 981 1412 apud
999 1347 1090 1400 suos,
1111 1326 1171 1390 hoe

96 1445 160 1507 est,
175 1433 336 1496 ethnicos?
346 1455 453 1496 verum
465 1434 524 1497 hoc
537 1435 589 1516 qui
602 1434 687 1498 linxit
699 1477 709 1510 ,
723 1435 860 1498 fortassis
875 1435 934 1498 huc
947 1435 1075 1513 alludit,
1091 1435 1172 1516 quod
1231 1429 1235 1440 '

94 1537 222 1602 Tacitus
238 1539 346 1617 refert,
364 1540 451 1603 illum
467 1541 578 1604 invidia
597 1542 822 1625 multorumque
839 1542 1097 1606 criminationibus
1109 1543 1171 1623 jam

95 1661 282 1729 gravatum,
301 1647 397 1732 egisse
420 1670 490 1711 cum
507 1645 650 1726 Nerone,
672 1663 705 1711 nt
721 1671 797 1733 opes
813 1671 850 1712 ae
870 1649 1045 1733 dignitatem
1065 1648 1173 1712 liceret

95 1753 155 1835 ipsi
171 1754 329 1836 resignare
345 1755 397 1836 qui
410 1757 544 1818 dederat.
559 1753 620 1818 Sed
633 1756 705 1840 quid
716 1755 811 1818 refert
821 1776 948 1838 magnus
959 1777 998 1818 ne
1013 1755 1103 1818 sitan
1117 1755 1174 1818 hu·

95 1858 200 1935 milis,
217 1862 310 1921 modo
333 1861 372 1923 sit
389 1864 468 1946 apud
488 1862 687 1925 idololatras:
703 1876 809 1947 optare
824 1863 923 1947 potius
940 1863 1057 1940 debuit,
1071 1875 1103 1922 ut
1114 1861 1174 1924 sibi

94 1961 203 2026 liceret
221 1965 269 2027 vel
290 1967 369 2028 inter
383 1967 515 2030 humiles
534 1967 622 2030 Pauli
643 1967 805 2053 discipulos
823 1969 989 2031 numerari.
1010 1965 1097 2029 ‘Palis
1113 1987 1172 2028 vox

92 2082 218 2152 poterat
241 2070 328 2132 illum
349 2075 562 2136 commendare
578 2071 760 2137 Christianis
777 2071 943 2134 affectibus.
964 2069 1124 2134 Postremo
1147 2073 1173 2133 si

96 2195 207 2236 verum
226 2189 270 2236 cst
288 2178 369 2256 quod
383 2177 432 2239 bre
447 2177 561 2259 fingunt
575 2179 708 2262 epistolas
723 2223 731 2253 ,
748 2178 814 2259 quis
835 2199 967 2259 unquam
984 2175 1174 2242 Christianus

96 2281 157 2343 sibi
171 2281 228 2342 tuit
242 2282 381 2364 supplicii
392 2282 553 2344 minister?
563 2281 641 2374 Quis
655 2283 686 2344 in
699 2303 796 2345 uxore
811 2305 864 2346 sua
880 2284 1037 2366 probavit,
1052 2297 1086 2346 ut
1097 2285 1173 2348 eitra

95 2388 309 2451 necessitatem
320 2388 377 2450 sibi
390 2401 521 2451 mortem
536 2390 743 2451 conscisceret.
761 2387 822 2452 sea
839 2391 870 2450 iu
883 2389 1028 2452 balneum
1042 2391 1174 2454 calidum

95 2493 199 2556 illatus
213 2516 306 2575 quum
323 2496 387 2576 jam
400 2495 562 2571 deficeret,
579 2496 688 2577 sparsit
701 2516 813 2575 aquam
826 2495 969 2578 sanguine
979 2497 1107 2558 mixtam
1121 2542 1131 2571 ,
1143 2509 1173 2558 et

95 2597 290 2663 Socraticum
300 2601 441 2682 quiddam
449 2600 585 2662 reserens
596 2601 685 2662 dixit:
702 2627 716 2653 u
727 2597 798 2663 lloc
809 2600 872 2662 libo
883 2599 959 2664 Jovi
967 2601 1124 2665 liberatori
1133 2630 1148 2656 o
1162 2649 1171 2682 ,

95 2729 154 2789 per
163 2705 189 2767 J
189 2727 290 2782 ovem,
302 2721 334 2768 ut
347 2708 441 2784 aiunt,
456 2707 664 2779 liberatorem,
677 2727 782 2768 rerum
794 2710 885 2769 deum
895 2707 1073 2790 intelligens.
1086 2709 1173 2772 Adeo

95 2837 136 2876 ne
145 2815 283 2877 moriens
292 2815 413 2898 quidem
422 2837 511 2877 ausus
522 2827 568 2877 est
576 2814 734 2876 nominare
747 2811 901 2878 Christum
911 2828 931 2874 ¹.
942 2812 1003 2876 Sed
1015 2837 1070 2900 ego
1082 2816 1173 2877 nimis

96 2920 195 2982 multa
214 2923 251 2983 de
266 2942 300 2982 re
314 2920 411 2990 nihili,

129 3171 140 3199 ¹
151 3166 280 3220 Addeuda
292 3180 351 3219 sunt
362 3186 435 3237 ques,
450 3167 478 3218 in
489 3186 560 3240 supra
571 3167 672 3220 laudata
683 3167 810 3241 Epistola,
820 3167 887 3220 idem
901 3166 1020 3222 Erasmus
1031 3169 1129 3246 scripsit
1140 3171 1171 3224 de

96 3251 192 3304 eadem
207 3271 233 3303 rc
254 3267 284 3304 :e
300 3251 353 3304 lllis
369 3271 422 3304 uon
440 3251 577 3326 assentior,
590 3251 634 3322 qui
651 3264 747 3305 certant
760 3253 884 3306 Senecam
898 3255 980 3307 lacere
998 3253 1172 3310 Christianum

96 3335 246 3388 Nicodsmo
268 3333 395 3399 similem,
414 3334 459 3406 qui
476 3353 555 3405 quum
572 3335 675 3388 nullum
690 3334 804 3388 habeant
825 3349 1003 3410 argumentum
1024 3337 1175 3409 probabile,
1255 3390 1257 3396 ,

96 3433 189 3493 prater
198 3418 330 3494 epistolas,
344 3439 406 3490 quas
424 3431 478 3492 post
490 3418 636 3472 docebimus
653 3439 669 3474 a
685 3418 797 3473 studioso
815 3419 934 3494 quopiam
948 3420 1022 3474 luisse
1033 3421 1172 3489 confictas,

96 3507 202 3559 nullum
214 3524 314 3580 prorsus
323 3505 418 3559 habent
430 3517 623 3576 argumentum,
634 3501 685 3557 nisi
702 3502 773 3574 quod
787 3502 833 3556 sub
848 3503 940 3558 eodem
951 3504 1049 3558 Caesare
1058 3507 1173 3561 vixerunt

96 3595 200 3644 Romae.
210 3591 261 3643 Sed
277 3587 404 3663 fingamus
416 3593 538 3642 Senecam
551 3628 558 3657 ,
569 3609 620 3660 quo
631 3609 685 3640 nou
696 3587 759 3642 alius
771 3588 803 3642 de
816 3591 1001 3643 contemnenda
1016 3605 1096 3646 morte
1107 3593 1174 3646 scri-

94 3672 146 3746 psit
158 3692 273 3742 uuquam
284 3712 292 3737 ,
302 3672 344 3726 vel
355 3673 444 3746 saepius
456 3671 497 3724 vel
507 3672 611 3740 fortius,
621 3671 685 3726 adeo
697 3671 772 3724 luisse
786 3672 977 3736 meticulosum,
986 3683 1014 3724 nt
1025 3692 1058 3724 ne
1067 3672 1095 3726 iu
1104 3675 1175 3728 seri-

97 3756 146 3828 ptis
158 3755 263 3825 quidem
272 3769 380 3810 extrema
389 3770 489 3810 senecta
500 3755 603 3828 proditis
612 3753 893 3826 usquam-subindicant
903 3775 974 3809 susm
982 3757 1173 3827 professionem

96 3854 150 3894 tam
163 3854 265 3894 cautum
274 3882 282 3908 ,
292 3854 320 3895 ut
330 3840 394 3894 nihil
406 3839 544 3894 suboluerit
557 3841 669 3903 Neroni,
680 3841 725 3912 qni
737 3859 817 3912 quum
827 3841 902 3893 illum
911 3840 1079 3895 decrevissete
1089 3844 1144 3896 med
1149 3843 1172 3898 io

95 3925 207 3990 tollere,
218 3937 241 3977 et
253 3943 339 3978 causas
347 3923 531 3978 commentitias
542 3936 701 3996 prsetezeret,
715 3922 899 3976 Christianismi
913 3924 1007 3976 crimen
1027 3945 1080 3978 nou
1097 3919 1175 4002 obje-

95 4007 146 4071 cit3
159 4009 287 4079 illudque
296 4011 379 4062 colore
388 4010 567 4076 defendemus,
578 4011 647 4080 quod
659 4009 687 4061 in
702 4009 818 4062 extremis
833 4007 927 4081 seriptis
938 4009 1044 4064 subinde
1059 4011 1174 4083 loquitur

96 4091 162 4142 ‹leos
172 4101 199 4142 et
210 4092 283 4157 deas,
297 4090 404 4143 subinde
417 4091 529 4156 dubitat,
541 4108 604 4144 num
615 4091 678 4161 quid
688 4089 799 4144 hominis
809 4089 914 4164 supersit
928 4111 942 4143 a
953 4091 1043 4145 lunere
1055 4091 1067 4145 i
1079 4095 1114 4146 Ut
1122 4096 1175 4148 lar-

95 4169 201 4242 giemus
207 4191 258 4225 esse
266 4172 305 4226 l'as
314 4183 383 4224 metu
393 4171 480 4226 mortis
490 4169 647 4225 dissimulare
656 4171 840 4234 Christianum,
848 4171 924 4245 impia
932 4185 996 4226 certe
1007 4173 1173 4230 dissimulatio
