2950 4934
451 441 720 510 EPISTOLA
744 443 831 510 XC.
1135 447 1178 514 23
1261 527 1265 535 1

94 573 257 644 insumit.
271 572 407 666 Frigus
416 570 634 640 intolerabile
643 587 695 639 est
704 574 840 664 corpori
852 571 957 642 nudo.
967 573 1065 666 Quid
1076 578 1179 668 ergo?

93 714 158 758 non
174 689 302 783 pelles¹
328 687 688 762 remuneratiorem
702 689 902 758 animalium
914 714 936 758 a
952 691 1081 784 frigore
1097 694 1180 758 satis

94 807 296 900 abundeque
315 804 508 877 defendere
526 808 684 898 queunt?
705 831 774 876 non
792 808 997 878 oouicibus²
1016 809 1180 880 arborum
1211 837 1215 847 ⁴

93 929 267 1022 pleraque
287 941 410 1020 gentes
434 940 558 1018 tegunt
580 927 751 1017 corpora?
769 948 838 995 non
859 928 974 996 svium
998 926 1123 1021 plume
1141 931 1178 996 in
1264 975 1268 982 -

94 1065 190 1112 nsnm
211 1041 321 1110 vestis
337 1054 566 1112 conseruntur
576 1033 609 1108 Ῥ
626 1063 695 1108 non
710 1039 884 1132 hodieque
895 1065 1018 1134 magun
1036 1040 1179 1134 Scytbn-

95 1150 187 1226 rum‘
202 1179 288 1249 pars
301 1156 414 1248 tergis
426 1154 580 1247 vulpium
595 1153 750 1224 induitur
762 1179 803 1224 ae
815 1157 982 1241 murium,
999 1181 1075 1248 quse
1087 1173 1178 1226 tectu

95 1269 209 1339 mollia
227 1285 267 1338 et
285 1267 563 1362 impenetrabilia
581 1268 693 1337 ventis
711 1247 979 1362 suntlss-Opns
996 1286 1048 1338 est
1066 1286 1180 1340 tamen

96 1387 246 1456 mlorem
263 1385 347 1456 solis
367 1386 476 1454 aestivi
490 1384 611 1456 umbra
625 1387 791 1456 crassiore
806 1385 1013 1480 propellere.
1025 1385 1181 1478 -Quid

96 1505 201 1597 ergo?
228 1529 304 1572 non
323 1519 474 1574 vetustas
496 1501 602 1570 multa
625 1501 760 1573 abdidit
776 1504 868 1586 loca,
887 1527 964 1596 quse
980 1503 1036 1572 vel
1054 1503 1181 1596 injuria

99 1621 283 1712 temporis,
305 1619 446 1688 velulis
464 1617 618 1712 quolibet
636 1641 717 1704 casu
733 1635 892 1691 excavata
908 1620 947 1688 in
964 1643 1102 1714 specum
1122 1643 1180 1686 re·

96 1739 298 1808 nesserunt?
321 1737 419 1830 Quid
443 1737 555 1832 ergo?
579 1759 649 1804 non
676 1736 868 1829 quamlibet
882 1738 1035 1831 virgeam
1053 1750 1180 1812 cratem

98 1872 282 1924 texuerunt
296 1880 418 1941 manu,
438 1870 473 1922 et
486 1853 546 1922 vili
561 1847 793 1926 oblinierunt⁵
809 1855 899 1936 luto,
918 1853 1044 1924 deinde
1057 1856 1181 1949 stipula

97 1973 243 2066 aliisque
266 1972 484 2042 silvestribus
501 1995 669 2064 operuere
687 1971 881 2065 fastigium,
902 1989 954 2058 et,
974 1974 1102 2066 pluviis
1118 1997 1181 2066 per

100 2087 227 2160 devexa
244 2087 455 2174 labentibus,
476 2088 623 2158 biemem
637 2090 805 2158 transiere
818 2090 956 2158 securi?
968 2088 1065 2181 Quid
1079 2092 1184 2184 ergo?
1211 2115 1242 2168 ,ς

99 2228 164 2274 ιιοιι
184 2209 224 2274 in
244 2197 406 2274 delosso⁶
427 2205 533 2279 latent
557 2206 699 2298 Syrtica
722 2206 867 2298 gentes?
893 2205 1018 2297 quibus
1041 2221 1182 2298 propter

99 2325 221 2392 nimios
236 2324 320 2392 solis
332 2321 475 2396 ardores
487 2322 622 2392 nullum
636 2338 869 2416 tegumentum
883 2325 965 2392 satis
974 2322 1182 2416 repellendis

99 2439 271 2510 mloribus
288 2437 440 2518 solidum
457 2456 528 2522 est,
552 2439 618 2508 nisi
636 2439 710 2533 ipsa
725 2464 829 2511 arens
845 2439 983 2513 humus.

97 2662 191 2714 adillas
202 2661 311 2716 delicias
323 2661 514 2735 conparandas.
526 2661 617 2714 Rutu.
669 2661 791 2714 Martium
809 2675 833 2714 et
850 2663 1058 2716 Hermelinarum
1076 2666 1183 2719 nomine

130 2761 152 2792 ι.
165 2743 229 2795 Non
237 2743 330 2810 pelles.
341 2740 378 2792 A.
390 2761 411 2794 c.
426 2740 482 2792 Pal.
496 2762 510 2793 a
522 2753 546 2792 et
562 2739 619 2792 Col.
669 2739 894 2793 noti-lustinus
905 2758 912 2792 z
923 2764 937 2788 α
945 2742 1022 2794 Lanae
1034 2740 1064 2792 iis
1074 2761 1133 2793 usns
1144 2740 1183 2816 ig·

97 2818 186 2872 Deleri
206 2821 357 2888 numquid,
380 2839 394 2872 e
417 2818 516 2874 seboliu
539 2816 618 2890 vulgo
669 2831 744 2870 notus
761 2839 768 2872 z
786 2819 895 2890 pellibus
914 2828 1016 2874 tanmm
1034 2818 1121 2871 ferinis
1139 2830 1188 2871 aut·

99 2901 277 2973 prepositum.
293 2899 374 2954 Salio.
669 2895 775 2949 marinis
802 2895 980 2952 vestiuntur.»
1003 2899 1044 2952 D'e
1070 2901 1182 2951 mon'm's

133 2998 155 3032 a.
166 2979 231 3032 Non
241 2979 406 3034 corticibus...
415 2982 546 3049 corporo?
556 2979 621 3031 Sunt
670 2974 737 3027 baud
753 2986 846 3028 temere
859 2989 956 3029 mutem
967 2995 974 3027 :
984 2997 1044 3031 nam
1056 2990 1081 3030 et
1091 2978 1119 3029 in
1131 2977 1183 3030 Ta-

98 3058 191 3120 Ηῖῦς
212 3058 311 3126 φὶίῖκιι
335 3079 373 3131 ap.
393 3057 518 3111 Herodot.
536 3057 568 3111 al.
588 3058 621 3110 de
670 3054 721 3106 rito
734 3065 770 3106 est
780 3055 811 3107 de
817 3055 934 3124 pellibus
943 3057 1091 3108 belluarum
1097 3095 1106 3118 ,
1120 3075 1183 3125 quas

98 3135 189 3206 quibus
208 3135 272 3191 eide
285 3136 396 3196 Fontes,
413 3137 444 3190 de
460 3136 535 3209 bysso
550 3135 619 3190 anei-
670 3131 777 3185 exterior
793 3133 912 3187 Oceanus
924 3133 1017 3208 gignit.
1028 3133 1128 3186 Tamen
1141 3134 1184 3186 alii

98 3235 169 3286 quos.
182 3237 208 3286 p.
222 3215 256 3268 30
271 3235 310 3286 sq.
321 3215 344 3267 E
356 3215 449 3270 conire
462 3214 528 3267 mori
539 3234 620 3288 papy-
670 3216 794 3274 murinis,
808 3211 877 3283 quod
889 3210 1003 3267 essetbir
1012 3233 1058 3284 pro
1071 3213 1182 3276 Seneca,

99 3294 181 3348 risere
192 3293 324 3363 hodieque
339 3288 455 3346 Otabitas
474 3304 553 3346 vestes
570 3291 618 3344 sibi
670 3289 834 3343 demun'bus.
843 3291 922 3360 Quod
930 3290 961 3343 de
970 3291 1181 3362 ScytbisSenera‚

99 3369 226 3426 eonfitere
238 3383 330 3424 nobem
340 3383 384 3426 est.
395 3370 484 3426 nult.
669 3367 737 3422 idem
754 3367 787 3422 de
808 3368 945 3424 Germanis
960 3369 1066 3427 Tacitus
1080 3389 1087 3421 z
1103 3392 1116 3416 s
1125 3371 1183 3422 Ge-

130 3451 155 3505 3.
177 3452 243 3504 Non
268 3453 412 3504 avium...
444 3460 619 3505 conseruntur.
669 3449 886 3500 rnntetlerarnm
897 3447 1182 3521 pelles‚psoximiripae

100 3528 224 3603 Exemplo
249 3541 287 3582 est
308 3529 462 3582 Philoctetes
483 3527 511 3580 in
534 3527 620 3580 insula
669 3525 850 3598 negligentius,
863 3524 995 3579 ulteriores
1008 3525 1181 3596 exquisitius.»

100 3606 197 3660 luno
207 3605 327 3674 ullum,
338 3606 400 3659 nuit
408 3627 449 3679 ap.
456 3605 509 3659 Cic.
517 3605 550 3658 de
558 3606 618 3658 Fin.
669 3603 805 3657 Isodnrns:
817 3627 830 3654 u
839 3607 978 3671 Mastaura,
985 3606 1060 3658 vestis
1068 3605 1183 3658 Germa-

100 3685 131 3752 V,
144 3703 182 3738 tr.
195 3707 212 3736 a
220 3683 333 3758 Cunltqo
341 3685 429 3740 tardus
437 3685 540 3751 celeres,
551 3698 620 3739 stans
670 3681 728 3735 nica
741 3701 771 3733 ex
781 3681 906 3755 pelliculis
916 3684 1035 3735 ferarum.
1045 3705 1058 3730 u
1068 3683 1142 3754 lips.

103 3763 236 3827 volatiles,
254 3765 306 3818 Pro
322 3776 392 3818 veste
406 3763 492 3838 pinnis
505 3764 619 3816 membua
704 3765 726 3814 5.
749 3761 923 3814 θὸὶίιιίιωηι
945 3761 982 3814 R.
1001 3765 1037 3816 A.
1056 3783 1077 3815 c.
1095 3761 1184 3836 Vulgo

101 3841 172 3896 restis
189 3854 360 3914 eontegens.»
373 3841 450 3894 Ovid.
464 3842 526 3896 Met
541 3843 623 3906 Xlll,
670 3843 823 3894 obleverunt.
834 3843 913 3894 Sclsw.

104 3919 269 3991 asquinus
281 3917 370 3974 Calah·
384 3919 436 3984 IX,
456 3919 506 3974 355
523 3940 576 3990 sq„
596 3933 621 3972 et
667 3947 669 3955 v
702 3918 725 3972 6.
750 3917 826 3991 Quid
839 3923 917 3990 ergo?
934 3938 987 3972 nou
1001 3923 1030 3972 iu
1046 3921 1183 3992 defosso...

104 4003 251 4058 Annium
263 4023 278 4056 a
289 4003 379 4070 bipsio
395 4002 480 4068 citati,
494 4002 539 4074 qui
556 4003 619 4074 plu·
669 4017 748 4052 oreos
760 3999 863 4054 humus.
875 3999 951 4051 Unde
962 3999 1018 4052 bae
1032 4001 1180 4073 sumpserit,

104 4083 184 4136 natili
197 4097 265 4138 veste
280 4082 328 4136 laau
341 4094 456 4136 utamur.
468 4081 560 4134 Ruth.
669 4076 753 4130 dicere·
762 4097 815 4129 nou
824 4077 914 4130 babeo.
923 4079 1067 4132 llerodotus
1076 4076 1184 4150 quidem

135 4163 159 4227 l.
171 4163 233 4216 Non
242 4163 368 4230 hodieque
384 4179 488 4230 mgna
501 4159 618 4230 Scyllia·-
670 4154 700 4208 de
713 4155 752 4208 bis
765 4156 878 4230 populis,
897 4157 943 4229 qni
953 4158 1073 4228 syrticam
1091 4157 1183 4210 Alriooe

105 4259 190 4292 mm...
202 4253 270 4296 suu.
286 4241 356 4294 Sunt
367 4239 408 4294 isti
419 4259 501 4296 mures
510 4239 617 4313 scythici
670 4231 1182 4306 regiommdmaremediteresnenmsi-
