2950 4934
303 447 370 541 476
529 494 542 509 κ
589 445 807 516 SENECAE
829 445 899 516 ΕΤ
923 447 1088 516 PAULI
1140 523 1141 528 .

304 589 431 667 quanto
445 572 648 668 indignandi
662 577 872 645 occasionem
887 583 1048 672 captant:
1065 574 1189 670 quibus
1203 579 1231 644 si
1245 565 1381 670 patien-

306 693 387 760 tiam
408 692 546 775 demus,
568 691 760 762 omnimodo
783 717 840 762 eos
861 719 997 786 quaqua
1015 710 1112 787 parte
1132 696 1328 772 vincemus,
1350 697 1378 762 si

306 806 404 875 modo
422 805 574 894 bisunt,
590 809 649 900 qui
666 810 902 910 poenitentiam¹
920 811 972 878 sui
994 824 1126 902 gerant.
1143 811 1235 876 Bene
1248 808 1374 878 valete.

406 989 490 1050 VII.
519 1011 654 1055 sennes
675 1013 792 1054 ronco
811 1012 855 1052 nr
876 1011 1085 1054 saturnino
1104 1009 1281 1053 saturnu.

351 1157 520 1225 Profiteor
531 1158 618 1226 bene
634 1181 687 1226 me
701 1174 875 1250 acceptum
892 1159 927 1226 in
941 1155 1086 1226 lectione
1101 1155 1291 1224 littemrum
1308 1172 1378 1223 tua·

306 1296 400 1354 rum,
424 1296 509 1363 quas
523 1273 671 1356 Galatis,
692 1271 899 1356 Corinthiis,
918 1289 951 1341 et
969 1271 1103 1341 Achaeis
1122 1274 1255 1341 misisti.
1275 1275 1318 1341 Et
1332 1275 1378 1341 ita

305 1385 450 1454 invicem
471 1387 646 1472 vivamus,
664 1404 701 1456 ut
719 1391 820 1456 etiam
841 1413 919 1457 eum
932 1387 1063 1457 honore
1078 1386 1195 1456 divino
1212 1411 1269 1455 eas
1283 1389 1379 1456 exhi-

305 1501 456 1570 beamus.
479 1505 626 1595 Spiritus
645 1506 736 1571 enim
760 1519 894 1572 sanetus
913 1505 950 1572 in
972 1519 1004 1571 te
1024 1503 1201 1585 excelsior,
1219 1520 1255 1570 et
1268 1499 1386 1584 subli-¹
1465 1561 1466 1566 ,

307 1618 406 1703 mior,
422 1637 456 1686 et
470 1643 572 1713 super
586 1636 620 1688 te
635 1619 781 1688 excelsos
795 1637 829 1689 et
843 1619 1059 1689 sublimiores
1071 1621 1152 1687 satis
1166 1617 1377 1687 venerabiles

306 1758 424 1802 sensus
435 1737 604 1830 exprimit.
612 1735 743 1806 Vellem
754 1737 869 1828 itaque
880 1761 984 1828 quum
996 1759 1050 1804 res
1061 1735 1200 1802 eximias
1209 1732 1375 1827 proferas,
1465 1817 1466 1840 Χ

306 1867 344 1919 ut
361 1853 525 1944 majestati
543 1877 659 1921 earum
676 1854 787 1921 cultus
802 1854 965 1922 sermonis
979 1875 1046 1920 non
1061 1849 1161 1918 desit.
1179 1855 1221 1918 Et
1235 1875 1281 1918 ne
1296 1845 1379 1942 quid
1465 1939 1466 1948 ἵ

307 1965 384 2051 tibi,
397 1966 514 2050 frater,
528 1968 722 2060 surripiam,
738 1983 797 2036 aut
808 1968 1022 2037 conscientia
1034 1990 1116 2036 meae
1129 1965 1287 2048 debeam,
1300 1989 1379 2033 cou-
1465 2003 1466 2068 ᾗ

307 2083 407 2151 fiteor
428 2085 615 2176 Augustum
639 2086 793 2156 sensibus
816 2087 882 2154 tuis
902 2102 1114 2180 permotum,
1135 2086 1192 2153 cui
1205 2085 1296 2152 lecto
1310 2084 1379 2150 vin
1465 2153 1466 2168 ,

309 2201 390 2269 tutis
417 2201 505 2269 inte
527 2201 663 2270 exordio
691 2205 755 2271 ista
782 2228 848 2272 vox
869 2203 951 2286 init,
978 2203 1099 2272 Mirari
1117 2227 1192 2270 eum
1216 2201 1266 2268 sie
1285 2221 1378 2293 posse
1465 2185 1466 2196 ἶ

309 2315 422 2407 loqui,
442 2316 558 2410 utqui
577 2343 645 2386 non
669 2319 820 2413 legitime
846 2320 995 2387 imbutus
1019 2319 1082 2403 sit,
1107 2319 1219 2386 taliter
1242 2317 1376 2384 sentiat.

311 2435 374 2502 Cui
407 2456 470 2525 ego
493 2434 674 2527 respondi,
701 2435 809 2504 solere
826 2411 910 2503 desi
927 2458 986 2503 ore
1008 2436 1238 2503 innocentium
1262 2433 1377 2517 effari,

311 2541 370 2616 aut
383 2572 499 2616 eorum
514 2552 574 2643 qui
587 2553 804 2644 praevaricari
819 2551 975 2620 doctrina
989 2550 1127 2643 quidem
1143 2573 1201 2618 sua
1215 2563 1358 2642 possunt
1366 2597 1377 2630 ‚

312 2677 346 2728 et
364 2661 440 2730 dato
460 2665 491 2732 ei
509 2665 661 2758 exemplo
674 2667 829 2734 Vaticani
842 2664 992 2734 bominis
1006 2663 1182 2744 rusticuli,
1201 2663 1258 2730 cui
1275 2685 1379 2754 quum
1465 2655 1466 2694 l

312 2777 379 2846 duo
398 2781 464 2847 viri
479 2783 713 2873 apparuissent
727 2783 764 2848 in
777 2805 860 2874 agro
873 2782 1042 2863 Reatino,
1058 2780 1117 2870 qui
1132 2793 1249 2871 postea
1262 2779 1380 2846 Castor

313 2907 347 2960 et
359 2893 478 2961 Pollux
493 2912 570 2962 sunt
583 2897 766 2976 nominati,
785 2897 865 2964 satis
879 2896 1063 2963 instructus
1076 2892 1226 2962 videtur.
1244 2894 1341 2960 Vale.

527 3086 630 3148 vl11.
655 3107 792 3148 raucos
813 3105 961 3148 sssecrs
983 3103 1160 3161 sineres.

362 3247 459 3312 Licet
476 3267 545 3311 non
565 3245 717 3337 ignorem
732 3245 898 3313 Caesarem
914 3257 1065 3310 nostrum
1082 3262 1195 3307 rerum
1211 3239 1380 3307 admiran-

311 3361 433 3431 darum
447 3362 475 3427 si
489 3360 624 3451 quando
635 3360 772 3427 deficiet
785 3375 966 3426 amatorem
981 3381 1067 3439 esse,
1082 3355 1259 3448 permittes
1272 3371 1380 3424 tamen

266 3542 269 3547 .
313 3493 436 3544 tenen
458 3472 556 3555 laedi,
582 3473 643 3541 sed
664 3473 852 3542 admoneri.
878 3474 964 3542 Puto
984 3470 1075 3537 enim
1101 3485 1134 3536 te
1159 3471 1310 3564 graviter
1333 3470 1381 3537 fe-

314 3594 420 3673 cisse,
436 3590 528 3682 quod
548 3592 579 3656 ei
598 3592 633 3657 in
647 3590 800 3656 notitiam
813 3588 967 3682 perferre
981 3586 1139 3665 voluisti,
1160 3585 1255 3675 quod
1270 3587 1337 3653 ritu
1351 3600 1383 3652 et

312 3681 501 3800 disciplina}
510 3705 583 3798 ejus
593 3707 863 3774 siteonttarium.
878 3703 994 3796 Quum
1006 3717 1039 3770 et
1053 3699 1111 3769 ille
1125 3701 1215 3768 enim
1231 3703 1382 3794 gentium

312 3822 394 3890 deos
413 3821 522 3902 eolat,
539 3821 624 3913 quid
641 3820 703 3888 tibi
723 3823 832 3888 visum
848 3822 911 3904 sit,
934 3835 972 3887 ut
992 3818 1059 3886 hoe
1078 3841 1154 3884 eum
1170 3818 1260 3883 seire
1281 3817 1382 3884 velles

313 3964 382 4007 non
396 3937 508 4022 video,
529 3940 595 4006 nisi
608 3939 713 4006 nimio
729 3961 842 4005 amore
858 3961 932 4005 meo
953 3937 1061 4003 beers
1080 3951 1113 4002 te
1131 3933 1197 4002 hoc
1214 3935 1379 4002 existimo.

220 4091 281 4118 s.
310 4057 407 4149 Rogo
422 4075 456 4125 te
469 4055 512 4124 de
525 4055 638 4122 lutura
646 4105 658 4142 ,
678 4077 721 4121 ne
744 4053 780 4121 id
803 4079 895 4146 agas.
923 4052 1119 4122 Cavendum
1145 4068 1196 4120 est
1223 4053 1317 4118 enim
1342 4073 1382 4118 ne

243 4164 387 4304 ¹f'dum
410 4199 461 4241 me
482 4173 617 4265 diligis,
636 4171 797 4240 offensam
820 4172 947 4240 domini
972 4171 1085 4239 facias.
1114 4169 1220 4261 Cujus
1242 4169 1381 4260 quidem
