2950 4934
285 416 531 487 PHYSIOL.
568 405 1015 488 sT01c0R.L113.11.
1125 420 1192 513 627

119 562 170 622 Au
184 573 214 621 et
227 572 294 621 aute
306 557 464 634 muudum,
480 560 548 643 quia
561 559 650 623 fuerit
663 558 788 642 aliquid,
805 557 890 619 luerit
910 571 940 620 et
954 557 1099 641 Tempus?
1112 584 1127 615 ιι
1150 558 1197 619 Eu

117 668 246 749 primm
259 667 475 754 quesitiouem,
493 666 539 727 du
553 688 607 748 per
622 687 654 727 se
673 666 712 727 sit
723 664 870 747 Tempus?
884 664 970 742 Quod
984 664 1128 747 Epicurus
1140 688 1199 737 ue-

116 774 225 857 gabat,
241 772 442 855 asserebatque
458 798 472 826 ι
486 772 676 833 recidentium
691 770 823 831 accidens
839 790 917 845 esso,
929 796 945 825 ιι
966 782 1000 833 ut
1014 770 1113 832 scribit
1125 770 1199 833 Em-

118 881 230 962 pirlcus
242 904 251 940 s
265 893 294 941 et
308 883 372 963 ipse
384 878 549 961 Epicurus:
565 880 717 961 «Tempus
731 901 791 938 nou
805 890 848 937 est
862 878 1046 960 querendum
1060 880 1134 941 sicut
1146 902 1199 941 uce

117 998 216 1047 cetera
230 1008 293 1069 qum
307 988 338 1046 iu
351 984 487 1065 subjecto
500 986 669 1066 querimus,
689 982 846 1046 relerentes
861 1005 895 1043 ea
910 984 947 1045 cd
962 986 1198 1067 audcipttioues‚

116 1091 261 1172 quasdem
271 1113 288 1152 u
298 1090 382 1153 uobis
396 1091 465 1173 ipsis
479 1091 565 1151 visas.
582 1116 597 1144 ιι
616 1091 660 1151 De
673 1112 796 1172 quorum
809 1102 905 1149 mmcu
919 1112 1104 1168 coruscum,
1120 1093 1199 1153 idem

117 1196 285 1279 Empiricus
299 1197 409 1279 aliquid
422 1197 529 1257 volenti
543 1196 629 1257 dicet.
646 1196 685 1257 tt
697 1197 784 1258 Stoici
799 1216 879 1272 esse,
896 1208 925 1257 ct
940 1197 1057 1280 quidem
1073 1226 1088 1254 ιι
1100 1221 1154 1282 pcr
1168 1222 1201 1260 sc

116 1304 253 1387 intelligi.
269 1330 284 1357 ιι
307 1304 417 1364 Tamen
439 1302 517 1363 idem
538 1329 554 1359 ιι
565 1304 765 1386 incorporeum
782 1325 844 1365 esse
859 1327 868 1363 e
885 1305 959 1365 sicut
973 1305 1078 1381 luuue,
1096 1318 1124 1366 et
1138 1305 1200 1367 Lo-

117 1434 199 1472 cum.
215 1437 230 1465 ιι
247 1410 429 1493 Empiricos,
444 1412 572 1493 itemque
592 1410 741 1472 Laertiusr
757 1438 771 1465 ιι
786 1410 858 1473 Esse
873 1425 902 1473 et
917 1413 1044 1495 Tempus
1059 1415 1199 1497 incorpo-

116 1540 213 1579 reum.
230 1544 245 1572 ιι
262 1516 302 1579 Et
315 1518 353 1578 de
368 1519 557 1599 lucorporeo,
573 1517 623 1578 clii
636 1519 817 1579 consentiant
828 1541 836 1577 t
849 1520 880 1580 iu
899 1518 1033 1581 Esseutiu
1045 1520 1092 1582 vel
1109 1519 1199 1582 Exis-

114 1626 210 1686 teutie
217 1626 387 1708 Temporis,
398 1626 509 1708 aliquid
517 1628 605 1687 etism
614 1627 704 1687 uestri
717 1638 841 1687 mutant.
856 1627 930 1688 Num
940 1629 1075 1691 videatur
1085 1630 1197 1691 nullum

113 1733 246 1815 Tempus
264 1745 391 1794 statuere
408 1730 469 1817 (eit
484 1732 652 1797 Plutarchus
668 1733 706 1795 de
716 1732 870 1795 Commuu.
890 1734 978 1818 Not.)
995 1756 1086 1819 quum
1101 1734 1198 1818 Chry-

114 1840 238 1921 sippus,
266 1864 282 1893 ιι
305 1840 482 1901 Preteritum
501 1851 532 1900 et
555 1838 683 1901 futurum
703 1862 761 1901 uon
784 1842 930 1916 existere,
959 1840 1011 1902 sed
1038 1842 1197 1904 substitisse

113 1945 193 2030 (οὑχ
207 1950 354 2032 ὑπάρχειν,
368 1944 424 2009 dll'
444 1946 647 2031 ἥψω»
663 1946 891 2009 solumexistero
910 1951 941 2011 sd
954 1952 1070 2023 buris,
1086 1951 1196 2009 instans

122 2054 186 2117 slve
204 2072 339 2136 pmseus.
363 2053 406 2114 be
428 2052 461 2114 id
479 2054 574 2136 ipsum
593 2074 662 2115 mox
684 2052 795 2115 incitet
815 2053 978 2131 distribuit,
994 2057 1099 2138 partim
1117 2078 1196 2138 pre·

113 2181 201 2234 seus,
218 2162 324 2242 purtim
337 2161 511 2243 pruteritum
528 2184 538 2220 s
555 2163 595 2222 ita
616 2160 690 2221 nihil
702 2160 781 2243 quod
795 2160 927 2237 exsistat,
944 2162 1119 2245 relinquit.»
1133 2163 1194 2224 'ra-

112 2267 155 2327 lia
169 2265 366 2328 Plutarchus:
387 2267 450 2346 ipsu
472 2266 562 2327 rerba
582 2278 612 2327 et
631 2266 693 2327 veri
714 2287 815 2327 senem
834 2267 865 2327 iu
888 2267 1043 2339 Stobteauir
1064 2280 1192 2331 exstant.

115 2400 132 2427 a
146 2372 226 2434 Sicut
245 2374 337 2451 luaue
354 2372 498 2432 inlinitum
515 2383 580 2446 est,
601 2373 642 2433 ltu
659 2380 689 2432 ct
701 2373 830 2455 Tempus
845 2393 931 2434 omne
949 2376 1093 2457 utrimque
1115 2396 1188 2436 esse.

111 2478 187 2544 um
201 2493 230 2540 et
242 2480 417 2561 praeteritum
434 2490 464 2541 et
482 2477 610 2539 futurum
624 2478 682 2539 fine
694 2500 793 2540 carere
807 2504 816 2539 c
829 2500 953 2561 presens
969 2494 1064 2543 autem
1078 2482 1189 2543 nullum

111 2586 257 2668 iutegmm
271 2597 385 2667 tempus
407 2604 480 2643 esse.
502 2584 599 2659 Quum
619 2584 697 2645 euius
718 2586 855 2646 contiuua
870 2586 901 2647 iu
920 2587 1064 2649 inlinitum
1084 2610 1189 2649 secca-

110 2702 180 2764 tur,
199 2701 313 2772 tempus
332 2710 448 2771 quoque
466 2690 622 2750 sectionem
640 2686 772 2749 eumdem
789 2692 928 2773 recipcre.
949 2693 1041 2775 Igitur
1051 2696 1186 2771 uullum,

110 2796 271 2857 secuudum
285 2796 507 2879 perlectionem,
522 2808 636 2877 tempus
648 2816 774 2877 pmcne
788 2818 862 2872 esse,
878 2797 929 2859 sed
943 2798 1001 2859 late
1014 2810 1044 2861 et
1053 2803 1189 2864 crassiore

110 2902 199 2965 modo
222 2905 263 2963 ita
281 2902 349 2963 diei.
382 2900 439 2962 Sed
465 2913 495 2961 et
516 2901 609 2963 solum
631 2922 755 2983 presens
784 2914 899 2984 tempus
929 2905 1051 2967 existere
1074 2906 1188 2993 (ὑπάρ-

109 3006 214 3093 χειν),
233 3009 407 3090 preteritum
424 3018 454 3068 et
473 3006 601 3069 suturam
617 3006 773 3069 subsistere
790 3008 908 3091 quidem
928 3008 1118 3096 (ὑφεστάναι),
1133 3014 1186 3077 scd

112 3136 175 3176 nou
189 3117 335 3190 existere,
351 3115 407 3173 uisi
420 3126 455 3173 ut
472 3112 654 3194 predicatum
668 3114 787 3195 aliquod
804 3117 927 3177 existere
945 3117 1060 3195 dicitur,
1076 3141 1187 3183 merum

109 3222 272 3284 recidens:
293 3223 368 3281 sieut
381 3220 536 3281 Ambulare
555 3218 626 3280 mibi
640 3220 740 3298 adest,
760 3234 789 3282 et
809 3224 931 3301 existit,
949 3244 1039 3305 quum
1053 3225 1185 3301 ambulo;

107 3333 222 3411 jacente
235 3341 332 3389 autem
351 3340 382 3388 et
399 3326 534 3401 utente,
549 3348 608 3387 non
628 3329 763 3389 existit.»
781 3328 908 3393 Pumum
926 3332 986 3406 ait,
1009 3333 1186 3396 alatrium

109 3458 197 3499 omne
211 3448 325 3517 tempus
338 3433 483 3515 utrimque
496 3452 569 3493 esse.
581 3458 596 3487 ιι
608 3430 694 3508 Quod
706 3434 746 3493 itu
760 3423 881 3515 quidem
892 3456 958 3497 cum
971 3438 1035 3499 aliis
1048 3442 1139 3516 verti,
1157 3454 1187 3503 ct

109 3555 155 3604 est
176 3544 208 3603 in
225 3540 340 3616 Gneo,
363 3546 400 3609 tte
420 3542 526 3623 leel-equ
542 3561 551 3598 e
568 3538 686 3599 fortusse
705 3551 803 3599 tamen
825 3542 939 3617 verius,
964 3543 1006 3603 od
1021 3546 1185 3607 alterarum

109 3646 215 3709 reddes
227 3670 236 3705 t
249 3645 350 3720 idest,
366 3656 434 3706 aute
447 3656 498 3705 aut
509 3656 576 3726 post
588 3644 731 3706 iuliuimm
746 3668 818 3709 esse.
834 3645 968 3731 Exempli
984 3672 1087 3727 mosa,
1109 3651 1186 3715 Pre-

107 3754 245 3828 terituur,
261 3752 403 3813 anteriore
414 3762 497 3833 parte
511 3751 567 3812 tule
587 3762 647 3823 est;
662 3751 819 3829 Futurum,
835 3755 991 3835 posteriore
1008 3780 1017 3815 a
1040 3784 1055 3813 ιι
1066 3768 1184 3819 utrum.

106 3882 169 3943 que
182 3857 278 3920 tamen
293 3856 346 3941 (ut
364 3869 443 3919 recte
461 3855 648 3940 Posidonius)
664 3856 798 3921 Praescuti
818 3858 956 3921 linitur.»
980 3861 1064 3937 Quod
1085 3875 1183 3925 cutem

107 3966 147 4026 de
163 3966 227 4047 ipso
246 3966 378 4026 Preseuti
396 3975 455 4037 est,
475 3990 489 4018 ιι
502 3963 630 4045 perfecte
648 3945 706 4025 nou
723 3965 867 4027 existeret
885 3993 900 4021 ιι
916 3966 996 4029 baud
1007 3991 1097 4043 vaus;
1115 3993 1183 4033 uam

106 4092 210 4134 revera
236 4083 280 4132 est
294 4072 326 4131 iu
341 4069 456 4132 assiduo
480 4068 580 4145 duxu,
597 4081 626 4129 ct
650 4096 664 4124 ιι
683 4081 794 4131 constat
816 4092 852 4133 ex
873 4074 1016 4156 preterito
1035 4076 1131 4158 aliquo
1156 4088 1186 4138 et

108 4178 208 4241 tuem
221 4177 274 4261 (ut
287 4176 364 4241 idem
380 4174 583 4259 Posidonius),
602 4176 655 4239 sed
668 4199 734 4239 cum
748 4175 912 4241 diderimiae
930 4180 1028 4258 Nunc,
1045 4183 1123 4265 quod
1138 4198 1187 4246 ta-
