2950 4934
269 453 515 522 Paraloi..
540 454 789 525 STOICOR.
815 455 915 524 LIB.
941 454 968 522 1.
1087 453 1149 546 491

86 599 180 680 cipio,
196 596 327 658 Efficiens
342 609 371 656 et
387 597 510 655 Patiens.
527 593 565 655 Et
580 597 693 658 Patiens
706 599 840 679 quidem,
858 597 999 679 qualitatis
1014 607 1155 656 exsortem

87 704 257 778 essentiam,
269 701 420 762 Materiam
432 723 440 759 a
453 697 585 761 Efficiam
601 715 696 762 autem
707 747 716 775 ,
728 702 881 762 Rationem
898 723 961 784 qum
977 701 1007 759 in
1023 701 1085 782 ipsa
1095 712 1154 772 eat,

86 812 147 870 sive
160 810 266 871 Deum.
281 837 295 865 a
308 811 417 872 Seneca
430 810 499 870 item
515 807 854 895 diffraae(Epiat.1.xv)a
871 837 886 864 a
897 811 1021 883 Diount,
1036 821 1069 868 nt
1082 809 1155 880 aeia,

86 913 172 976 Stoici
187 916 294 989 nostri,
312 914 369 975 duo
385 937 447 976 eoae
466 916 497 976 in
513 937 610 976 rerum
624 928 744 990 amara,
768 937 805 978 ex
824 917 927 998 quibua
949 915 1044 975 omnia
1060 915 1156 984 fiant;

87 1023 208 1082 Causam
230 1035 260 1082 et
277 1021 439 1082 Materiam.
456 1022 579 1083 Materia
592 1024 668 1102 jacet
681 1024 778 1096 iners,
798 1043 845 1083 rea
867 1020 1015 1082 adomnia
1036 1033 1155 1102 parata,

86 1139 228 1187 oeaaatura
242 1127 366 1186 ai'nemo
379 1139 493 1188 moveat
509 1151 517 1186 r
534 1127 626 1188 Caura
639 1142 735 1188 autem
745 1173 754 1202 ,
766 1127 798 1187 id
813 1141 871 1201 est,
888 1127 988 1199 Ratio,
1004 1125 1155 1187 Materiam

85 1233 207 1307 format,
222 1245 254 1293 et
265 1253 448 1315 quocumque
462 1234 543 1307 vult,
559 1247 655 1295 versat
670 1259 680 1294 a
698 1257 736 1295 ex
750 1235 799 1294 iila
812 1235 890 1295 varia
905 1254 992 1315 opera
1007 1233 1154 1314 producit.

86 1338 159 1399 ane
174 1361 243 1422 ergo
258 1339 344 1399 debet
362 1339 470 1420 aliquid
490 1339 577 1402 Unde
590 1342 659 1417 fiat,
676 1339 781 1401 deinde
795 1363 811 1400 a
827 1341 890 1416 Quo
906 1341 954 1399 fiat
972 1363 980 1398 r
997 1338 1052 1399 hoe
1066 1339 1158 1398 Causa

86 1459 146 1520 eat,
164 1445 235 1506 iliud
249 1445 381 1507 Materia.
396 1473 410 1500 a
426 1444 464 1506 Et
477 1447 571 1507 atatim
586 1468 596 1505 a
615 1475 630 1501 ι
644 1447 803 1522 Ουιιὶωω
816 1446 887 1529 quid
903 1447 940 1506 ait
953 1444 1157 1506 Gauraihatio

85 1551 193 1612 [ariana
203 1595 212 1626 ‚
221 1551 254 1611 id
264 1563 323 1625 eat,
334 1553 423 1612 Deua.
435 1577 451 1605 a
464 1553 629 1634 Iterumque
642 1577 650 1612 a
664 1579 678 1606 a
692 1552 804 1635 Nempe
815 1554 948 1612 universa
963 1573 1000 1611 ex
1015 1551 1155 1625 Materia,

85 1669 114 1715 et
129 1678 168 1716 ex
180 1655 245 1716 Deo
257 1667 398 1716 constant.
417 1682 432 1710 a
451 1658 552 1718 Cicero
562 1656 680 1740 (dead.)
693 1673 722 1718 aa·
735 1658 871 1718 Naturam
887 1657 1053 1718 dividebant
1066 1657 1096 1716 in
1112 1677 1158 1716 rea

85 1763 160 1822 duaa
170 1786 180 1820 r
192 1775 225 1822 ut
234 1763 322 1822 altera
333 1775 407 1822 earet
417 1758 566 1839 Efficiam,
580 1765 667 1824 altera
679 1775 775 1824 antem
789 1765 871 1846 quari
881 1762 947 1822 huic
962 1785 993 1822 ae
1006 1763 1136 1844 prebens
1147 1807 1156 1838 ,

85 1891 123 1929 ex
133 1891 192 1950 qua
205 1871 362 1930 efficeretur
373 1870 491 1950 aliquid.
505 1870 540 1929 ln
550 1888 585 1928 eo
593 1870 671 1951 quod
680 1869 821 1946 Efficem,
830 1869 898 1930 Vim
910 1889 972 1930 eoae
981 1869 1135 1928 cenaebmt
1147 1893 1156 1928 r

84 1978 115 2034 in
135 1997 171 2035 eo
190 1975 267 2056 qood
290 1977 463 2048 efficeretur,
484 1975 636 2036 Materiam
657 1976 812 2058 quamdam
837 1999 846 2035 ε
871 1977 900 2035 in
920 1987 1043 2056 utroque
1060 1986 1156 2035 tamen

83 2093 249 2160 utrumque.
260 2079 361 2162 Neque
378 2080 457 2139 enim
464 2079 616 2139 Materiam
625 2081 718 2163 ipsam
732 2081 875 2142 cohaerere
890 2083 1033 2162 potuisse,
1046 2081 1069 2141 ai
1079 2082 1157 2140 nulla

84 2187 123 2262 Vi
138 2188 350 2257 continentum
366 2207 461 2267 neque
474 2185 543 2248 Vim
558 2188 621 2247 sine
636 2188 731 2268 aliqua
749 2187 881 2253 Materia.
899 2185 978 2247 Nihil
997 2199 1040 2246 eat
1055 2187 1156 2260 enim,

84 2291 166 2372 quod
179 2313 237 2351 non
254 2291 358 2351 alieubi
374 2312 437 2352 ease
451 2304 578 2374 rogatur.
594 2318 609 2346 »
628 2293 663 2352 ln
679 2315 737 2374 quo
757 2305 852 2352 tamen
868 2293 982 2374 opinio,
1006 2293 1066 2352 aive
1080 2313 1160 2352 error

84 2411 169 2458 vetur
177 2398 318 2459 notandae
328 2442 337 2472 ‚
349 2399 528 2458 censentium
539 2397 690 2460 Materiam
700 2400 786 2459 simul
795 2399 857 2460 Deo
867 2411 1000 2459 uternam
1010 2443 1018 2474 ,
1029 2419 1082 2458 nec
1092 2399 1159 2458 alte·

82 2527 150 2564 ram
164 2507 228 2566 aine
243 2505 333 2564 altero
352 2503 450 2564 irrisae.
468 2503 597 2565 Observa
617 2507 724 2581 etiam,
742 2505 888 2566 Naturam
904 2508 946 2566 uic
961 2505 1049 2566 dionidi
1057 2529 1065 2576 3
1080 2503 1158 2586 quod

84 2612 264 2673 Platonicum
279 2623 339 2685 eat,
357 2613 483 2693 itemque
493 2610 618 2671 Stoicam
631 2635 640 2670 a
655 2623 684 2671 et
700 2613 731 2672 in
743 2612 858 2671 illorum
870 2611 1009 2694 dogmatis
1020 2613 1159 2693 Apuleius

82 2715 144 2797 (De
155 2718 295 2800 Dogmate
304 2715 394 2799 Pur.)
405 2739 413 2776 ε
429 2743 444 2770 a
454 2722 508 2787 τὰς
522 2724 630 2791 edatur,
641 2739 713 2799 quas
727 2715 872 2778 Essentiaa
883 2717 1003 2778 dicimus
1012 2716 1085 2800 (aive
1098 2717 1160 2777 Na-

81 2822 205 2906 turae),
218 2824 291 2884 duaa
300 2844 361 2884 erae
371 2825 411 2883 ait
423 2823 519 2898 Plato,
533 2846 587 2906 per
597 2845 668 2905 quaa
682 2837 783 2884 cunata
794 2825 962 2907 gignanan‚
974 2823 1159 2904 Monduaque

82 2931 167 3010 ipae3
182 2951 304 3011 quarum
318 2952 394 3005 una,
411 2932 584 3014 cogitatione
599 2931 658 2990 oola
673 2931 833 3011 concipitur
844 2927 947 3012 (Deru)
959 2953 967 2988 a
981 2930 1068 2989 altera
1077 2973 1086 3003 ,
1096 2949 1160 2990 aen-

80 3035 164 3094 sibua
173 3036 275 3115 oubjioi
288 3049 428 3116 puteat»,
441 3058 504 3118 qun
519 3048 563 3097 eat
572 3035 706 3096 Materia.
723 3037 854 3116 Itemque
870 3035 907 3095 de
920 3055 956 3096 eo
971 3034 1099 3095 Laertius
1109 3034 1157 3117 (In

82 3138 226 3219 Platone)
243 3164 252 3198 r
270 3167 285 3194 α
295 3141 360 3201 Duo
381 3164 478 3202 rerum
494 3143 622 3202 omnium
638 3141 782 3223 Principia
798 3141 877 3200 Plato
892 3142 1006 3216 atatuit,
1023 3142 1116 3201 Deum
1132 3153 1161 3200 et

80 3241 255 3317 Materiam
270 3267 357 3328 quem
372 3249 453 3308 illum
468 3251 554 3308 etiam
568 3247 697 3309 Mentem
712 3248 856 3330 appellat,
874 3259 902 3307 et
913 3248 1047 3308 Causam.
1064 3247 1159 3308 aHaeo

80 3363 183 3410 autem
193 3361 296 3427 vetus,'
308 3365 336 3412 et
346 3354 382 3412 ab
393 3355 457 3435 ipao
466 3353 593 3415 Homero
603 3353 725 3437 (Odyos.
739 3359 757 3416 d
762 3353 776 3436 )
788 3367 831 3415 eat
844 3355 959 3436 opinio,
978 3366 1010 3414 ut
1023 3367 1158 3430 censent,

80 3459 136 3538 qui
155 3484 168 3511 ι
181 3459 335 3534 Proteum,
352 3473 382 3520 et
395 3457 566 3521 Eidotheam
582 3459 697 3520 induxit
712 3461 863 3544 allegorice
880 3484 888 3520 ε
905 3462 1027 3542 primam
1043 3460 1159 3542 quidem

77 3575 111 3624 et
126 3565 289 3647 principem
303 3586 417 3628 causam
432 3566 513 3649 (ipsa
527 3589 584 3628 vox
600 3568 688 3651 dicit)
700 3570 835 3629 Proteum
852 3569 998 3650 appellans
1012 3593 1020 3628 ε
1033 3591 1095 3651 quae
1107 3591 1159 3648 au·

76 3683 142 3730 tem
157 3674 187 3731 in
201 3676 310 3755 aperies
319 3677 438 3737 vertitur
453 3674 630 3752 Essentiam,
647 3676 827 3739 Eidotlreum.
842 3705 856 3731 a
869 3675 993 3760 (Empir.
1011 3675 1076 3737 adr.
1092 3677 1159 3736 Ma-

75 3778 173 3839 tbam.
184 3778 284 3861 )Qoid
301 3782 406 3843 Thalea
416 3807 424 3855 3
436 3783 561 3843 Mentem
576 3795 605 3844 et
615 3782 729 3866 Aquom
747 3786 833 3845 initia
846 3785 962 3866 posuit:
977 3796 1053 3843 recta
1067 3785 1161 3844 inter·

73 3888 259 3967 pretatione,
273 3889 366 3948 Deum
378 3901 407 3949 et
416 3889 577 3950 Materiam.
590 3889 764 3974 Pythagoras
773 3891 850 3951 idem
865 3915 873 3950 ι
886 3892 933 3950 oui
945 3895 1049 3967 Μονὰς,
1065 3891 1155 3960 Uur‘o,

73 4005 123 4052 est
139 3993 246 4067 Mena,
262 3996 323 4053 aiva
339 3996 438 4067 Deua;
455 4000 543 4070 Δυὰς,
561 3996 663 4066 Britan,
688 3997 822 4057 Materia.
845 3991 942 4058 Simile
963 4000 993 4058 in
1007 3975 1159 4081 *plenaque

71 4101 161 4174 aliia,
177 4102 203 4160 ai
217 4101 296 4161 lubet
313 4105 477 4163 examinare
494 4126 502 4162 a
521 4116 549 4162 et
564 4105 668 4163 veritae
683 4104 742 4164 baec
758 4105 853 4164 multia
868 4107 1000 4166 innotuit.
