2950 4934
411 429 684 517 ur1s¹rota
706 431 851 532 xorv.
937 482 939 493 ι
1127 446 1172 520 ss

105 580 295 675 pecuniam,
313 573 433 662 aliud,
452 578 503 647 uti
520 578 666 673 pecunia
682 577 800 648 scire?
816 579 914 670 cujus
927 575 1021 647 avari
1035 579 1174 650 modum

106 703 276 796 ignorant,
296 697 401 765 etiarn
415 720 486 766 non
501 697 596 767 avari
609 718 708 767 usum
721 695 949 784 ¹.-«Tolle,
962 697 1098 791 inquit,
1118 723 1178 768 er·-

107 840 211 902 rores3
239 836 455 908 supervacua
480 829 653 907 praecepta
678 828 769 881 sunt.
785 839 804 876 r
833 813 972 882 Falsum
996 809 1067 885 est!
1094 832 1179 910 puta

107 935 187 1034 enim
200 931 380 1000 auaritiam
392 929 573 999 relaxatam
587 958 596 1018 3
612 943 695 1024 puta
703 925 899 998 adstrictam
910 953 983 999 esse
991 929 1176 1017 luxuriam,

106 1049 279 1117 temeritati
311 1046 436 1116 lraenos
466 1047 636 1140 injectos,
666 1047 812 1140 ignaviae
835 1044 1011 1118 subditum
1037 1046 1177 1120 calcar:

106 1165 198 1234 etiam
221 1163 364 1232 remotis
385 1162 501 1245 vitiis,
527 1159 634 1254 quid,
662 1178 697 1230 et
721 1159 1027 1254 quemadmodum,
1052 1160 1181 1232 debea-

107 1305 173 1348 mus
185 1280 318 1367 lacere,
335 1265 536 1348 discendum
551 1283 699 1347 est².-·-
713 1305 730 1344 u
747 1277 862 1363 Nibil,
879 1279 1010 1370 inquit,
1027 1277 1182 1349 efficient
1206 1290 1240 1368 24

107 1399 320 1481 monitiones,
343 1395 486 1465 admotae
503 1395 665 1490 gravibus
682 1396 820 1464 vitiis.»
841 1397 893 1464 Ne
911 1394 1081 1465 medicina
1097 1397 1181 1489 qui-

107 1513 176 1584 dem
193 1513 332 1582 morbos
348 1511 556 1582 insanabiles
569 1511 699 1598 vincit3
722 1527 835 1580 tamen
851 1499 1037 1580 adhibetur
1051 1514 1130 1582 aliis
1144 1515 1181 1582 in

108 1629 309 1707 remedium,
324 1627 401 1697 aliis
413 1626 698 1696 inlevementum.
713 1627 766 1693 Ne
779 1626 853 1719 ipsa
862 1624 1003 1717 quidem
1013 1627 1182 1697 univereae

108 1743 327 1838 philosophia*
354 1743 428 1828 vis,
458 1743 540 1811 licet
564 1756 633 1810 tota
658 1742 696 1810 in
718 1740 787 1810 hoc
805 1743 898 1811 vires
922 1766 1000 1812 suas
1019 1741 1178 1836 advocet,

109 1857 222 1925 duram
236 1857 311 1949 jam
334 1871 369 1924 et
388 1871 540 1926 veterem
560 1854 683 1924 animis
701 1852 856 1924 extrahet
876 1873 1024 1950 pestem,
1041 1856 1103 1926 sed
1114 1883 1185 1930 uon

109 1973 179 2042 ideo
202 1973 295 2042 nihil
316 1987 436 2056 sanat,
464 1974 545 2065 quia
568 1995 639 2040 non
661 1973 788 2040 omnia.
802 2009 854 2025 ·-·-
872 2000 888 2036 u
904 1971 1001 2066 Quid
1023 1973 1181 2068 prodest,

112 2091 237 2184 inquit,
264 2106 383 2186 aperta
406 2090 646 2158 monstrarei’u
670 2086 881 2158 Plurimum!
903 2090 1076 2162 interdum
1093 2095 1185 2163 enim

111 2209 245 2292 scimus,
266 2231 331 2276 nec
348 2205 568 2276 attendimus.
589 2207 667 2274 Non
685 2203 786 2281 docet
805 2205 1013 2292 admonitio,
1036 2208 1098 2279 sed
1120 2209 1186 2280 ud·-
1209 2241 1241 2302 ,ς

110 2325 223 2410 vertit,
243 2321 306 2392 sed
321 2325 465 2410 excitat,
482 2322 544 2393 sed
557 2323 756 2392 memoriam
774 2324 947 2408 continet,
970 2348 1036 2394 nec
1056 2327 1185 2419 patitur

110 2441 206 2509 elabi.
223 2442 395 2536 Pleraque
408 2459 489 2511 ante
502 2441 617 2511 oculos
632 2441 744 2535 posita
762 2441 963 2528 transimus3
979 2441 1183 2526 admonere,

111 2584 213 2652 genus
224 2558 431 2630 adhortandi
446 2575 509 2628 est.
521 2561 618 2655 Saepe
632 2559 767 2628 animus
781 2559 883 2628 etiam
894 2575 1013 2654 aperta
1025 2559 1189 2628 dissimua

111 2675 171 2766 lat3
191 2677 383 2771 ingerenda
395 2691 447 2745 est
457 2678 574 2769 itaque
590 2675 640 2744 illi
651 2675 774 2743 notitia
790 2697 906 2744 rerum
917 2677 1183 2745 notissimarum.

109 2793 167 2862 llla
179 2794 248 2864 hoc
264 2793 341 2863 loco
353 2795 391 2862 in
408 2787 603 2862 Vatinium³
618 2793 715 2862 Calvi
729 2791 915 2887 repetenda
928 2796 1097 2863 sententie
1110 2810 1183 2863 estz

114 2912 283 2980 «Factum
296 2934 369 2980 esse
382 2909 547 2979 ambitum
562 2959 573 2995 ,
593 2911 708 2996 scitis3
721 2925 773 2992 et,
793 2907 861 2978 hoc
872 2933 931 2979 vos
944 2909 1052 2994 scire,
1069 2933 1188 2980 omnes

111 3028 267 3097 sciunt.»
296 3027 390 3111 Scis,
411 3027 579 3095 amicitias
598 3040 713 3094 saneto
731 3023 893 3094 colendas
915 3009 1009 3111 esse,
1037 3024 1187 3096 sednon

111 3143 189 3213 facis
207 3170 217 3211 t
234 3143 318 3229 scis,
334 3140 528 3236 improbum
543 3165 616 3210 esse
634 3142 695 3234 qui
714 3140 758 3209 ab
777 3163 883 3210 uxore
896 3138 1098 3233 pudicitiam
1117 3143 1188 3210 exi·
1210 3168 1242 3227 ,θ

111 3258 176 3349 git,
200 3258 277 3350 ipae
296 3256 485 3325 alienarum
504 3269 686 3348 corruptor
707 3277 852 3325 uxorum
869 3280 877 3322 ι
895 3254 979 3341 acis,
1001 3267 1041 3324 ut
1062 3254 1115 3323 illi
1136 3256 1187 3325 nil

112 3393 187 3438 cum
208 3369 389 3454 adultero,
410 3370 460 3438 sic
484 3368 547 3437 tibi
573 3368 624 3438 nil
646 3391 720 3436 esse
741 3367 869 3437 debere
891 3392 969 3436 cum
989 3367 1133 3462 pellice3
1152 3385 1188 3438 et

112 3512 177 3558 non
191 3488 289 3558 iacis.
308 3489 428 3580 Itaque
444 3485 591 3556 subinde
608 3483 825 3556 reducendus
841 3509 879 3556 es
898 3483 945 3554 ad
962 3487 1159 3556 memoriam
1176 3513 1185 3552 z

115 3683 168 3736 edd.
180 3685 305 3738 Consedit
313 3680 451 3747 malebam,
461 3685 624 3737 autconrede·
674 3681 736 3735 dum
744 3717 753 3748 ,
771 3679 814 3736 bic
826 3699 921 3753 pauper
937 3680 1035 3733 malum
1051 3701 1134 3734 usum.
1149 3683 1188 3737 R.

116 3765 153 3812 n't.
166 3761 318 3815 (basidem
327 3761 405 3814 babet
417 3759 456 3814 cd.
470 3761 505 3813 R.
515 3781 561 3834 pro
573 3781 624 3834 quo
709 3781 733 3813 a.
752 3759 917 3812 Ducendum
934 3768 980 3812 est.
1005 3757 1097 3812 Carere
1119 3760 1190 3813 enim

116 3837 197 3894 aestio
205 3859 239 3892 an
251 3839 394 3893 considerit
405 3839 466 3892 dare
477 3839 625 3908 debuerit·
673 3837 758 3904 vitiis,
769 3859 798 3892 ca
811 3838 958 3893 innocentia
973 3850 1009 3891 est
1021 3855 1028 3891 :
1038 3851 1063 3892 ut
1072 3839 1192 3914 pbiloso-

117 3917 190 3970 verbo
205 3915 421 3970 considasclae.
674 3915 1191 3993 pbianousolnmiunocentem‚sedetiam

149 4017 169 4049 ι.
189 3997 267 4070 Quid
287 3997 411 4067 φωτὶ...
424 4013 509 4048 mum.
524 3995 628 4048 ttetutat
675 3996 769 4049 virtute
782 3993 919 4068 praditnm
931 3992 1031 4049 efficere
1042 3996 1132 4049 tendit.
1141 3995 1193 4048 Er·

118 4067 432 4149 Neureomparationem
442 4071 631 4128 Aristonit.Vi-
680 4093 714 4148 go
726 4093 774 4126 noa
787 4073 881 4126 docere·
888 4071 963 4126 debet
976 4074 1193 4144 quomodovirtus
1225 4086 1230 4095 '

119 4151 162 4216 tia,
173 4153 264 4224 quibam
278 4165 388 4223 uterquc
403 4149 516 4220 laborat,
532 4172 585 4205 uon
602 4175 632 4206 ex
682 4151 820 4206 auertenda
830 4150 871 4204 sit.

120 4227 633 4305 codemfontemanautzilleignoratmo-
716 4229 739 4282 3.
758 4231 920 4300 Vatinium,
941 4251 1016 4302 quem
1035 4230 1065 4283 in
1087 4231 1195 4318 gratiam
