<?xml version="1.0" encoding="UTF-8"?>
<!DOCTYPE html PUBLIC "-//W3C//DTD XHTML 1.0 Transitional//EN"
    "http://www.w3.org/TR/xhtml1/DTD/xhtml1-transitional.dtd">
<html xmlns="http://www.w3.org/1999/xhtml" xml:lang="en" lang="en">
 <head>
  <title>
</title>
<meta http-equiv="Content-Type" content="text/html;charset=utf-8" />
  <meta name='ocr-system' content='tesseract 3.04.00' />
  <meta name='ocr-capabilities' content='ocr_page ocr_carea ocr_par ocr_line ocrx_word'/>
</head>
<body>
  <div class='ocr_page' id='page_1' title='image "./lannsenecparspr04bouigoog_0461.png"; bbox 0 0 2950 4934; ppageno 0'>
   <div class='ocr_carea' id='block_1_1' title="bbox 119 499 1202 1762">
    <p class='ocr_par' dir='ltr' id='par_1_1' title="bbox 119 499 1202 1762">
     <span class='ocr_line' id='line_1_1' title="bbox 418 499 1196 586; baseline 0.003 -18"><span class='ocrx_word' id='word_1_1' title='bbox 418 502 448 568; x_wconf 87' lang='grc' dir='ltr'><strong>Ε</strong></span> <span class='ocrx_word' id='word_1_2' title='bbox 472 502 647 571; x_wconf 77' lang='lat' dir='ltr'><strong>Lluats</strong></span> <span class='ocrx_word' id='word_1_3' title='bbox 670 499 898 570; x_wconf 84' lang='lat' dir='ltr'><strong>SENECAE.</strong></span> <span class='ocrx_word' id='word_1_4' title='bbox 1129 500 1196 586; x_wconf 75' lang='lat' dir='ltr'><strong>ddi</strong></span> 
     </span>
     <span class='ocr_line' id='line_1_2' title="bbox 120 630 1200 726; baseline -0.003 -23"><span class='ocrx_word' id='word_1_5' title='bbox 120 657 187 703; x_wconf 87' lang='lat' dir='ltr'><strong>nec</strong></span> <span class='ocrx_word' id='word_1_6' title='bbox 201 634 314 701; x_wconf 84' lang='lat' dir='ltr'><strong>aliena</strong></span> <span class='ocrx_word' id='word_1_7' title='bbox 333 633 479 700; x_wconf 86' lang='lat' dir='ltr'><strong>mireris.</strong></span> <span class='ocrx_word' id='word_1_8' title='bbox 496 631 533 700; x_wconf 88' lang='lat' dir='ltr'><strong>Si</strong></span> <span class='ocrx_word' id='word_1_9' title='bbox 548 633 791 700; x_wconf 75' lang='lat' dir='ltr'><strong>continentiam</strong></span> <span class='ocrx_word' id='word_1_10' title='bbox 806 630 943 726; x_wconf 85' lang='lat' dir='ltr'><strong>diligis,</strong></span> <span class='ocrx_word' id='word_1_11' title='bbox 961 631 1073 725; x_wconf 87' lang='lat' dir='ltr'><strong>turpia</strong></span> <span class='ocrx_word' id='word_1_12' title='bbox 1091 631 1200 725; x_wconf 81' lang='lat' dir='ltr'><strong>fugito</strong></span> 
     </span>
     <span class='ocr_line' id='line_1_3' title="bbox 119 743 1199 839; baseline -0.002 -24"><span class='ocrx_word' id='word_1_13' title='bbox 119 761 305 839; x_wconf 89' lang='lat' dir='ltr'><strong>antequam</strong></span> <span class='ocrx_word' id='word_1_14' title='bbox 320 743 495 829; x_wconf 89' lang='lat' dir='ltr'><strong>accidant,</strong></span> <span class='ocrx_word' id='word_1_15' title='bbox 512 767 576 813; x_wconf 93' lang='lat' dir='ltr'><strong>ncc</strong></span> <span class='ocrx_word' id='word_1_16' title='bbox 593 767 798 837; x_wconf 88' lang='lat' dir='ltr'><strong>quemquam</strong></span> <span class='ocrx_word' id='word_1_17' title='bbox 817 744 920 813; x_wconf 91' lang='lat' dir='ltr'><strong>alium</strong></span> <span class='ocrx_word' id='word_1_18' title='bbox 935 744 1109 813; x_wconf 84' lang='lat' dir='ltr'><strong>vereberis</strong></span> <span class='ocrx_word' id='word_1_19' title='bbox 1121 745 1199 839; x_wconf 91' lang='lat' dir='ltr'><strong>pius</strong></span> 
     </span>
     <span class='ocr_line' id='line_1_4' title="bbox 121 859 1194 955; baseline -0.001 -25"><span class='ocrx_word' id='word_1_20' title='bbox 121 886 225 955; x_wconf 90' lang='lat' dir='ltr'><strong>quam</strong></span> <span class='ocrx_word' id='word_1_21' title='bbox 244 877 292 930; x_wconf 91' lang='lat' dir='ltr'><strong>te.</strong></span> <span class='ocrx_word' id='word_1_22' title='bbox 313 862 437 928; x_wconf 89' lang='lat' dir='ltr'><strong>Omnia</strong></span> <span class='ocrx_word' id='word_1_23' title='bbox 457 859 648 928; x_wconf 77' lang='lat' dir='ltr'>tolerabilia</span> <span class='ocrx_word' id='word_1_24' title='bbox 670 876 795 953; x_wconf 80' lang='lat' dir='ltr'><strong>prater</strong></span> <span class='ocrx_word' id='word_1_25' title='bbox 812 859 1060 954; x_wconf 82' lang='lat' dir='ltr'><strong>turpitudinem</strong></span> <span class='ocrx_word' id='word_1_26' title='bbox 1078 861 1194 930; x_wconf 89' lang='lat' dir='ltr'><strong>crede.</strong></span> 
     </span>
     <span class='ocr_line' id='line_1_5' title="bbox 121 975 1199 1069; baseline -0.001 -23"><span class='ocrx_word' id='word_1_27' title='bbox 121 978 152 1046; x_wconf 81' lang='lat' dir='ltr'>A</span> <span class='ocrx_word' id='word_1_28' title='bbox 165 976 283 1045; x_wconf 82' lang='lat' dir='ltr'><strong>verbis</strong></span> <span class='ocrx_word' id='word_1_29' title='bbox 300 999 437 1069; x_wconf 91' lang='lat' dir='ltr'><strong>quoque</strong></span> <span class='ocrx_word' id='word_1_30' title='bbox 452 975 611 1069; x_wconf 73' lang='lat' dir='ltr'><strong>turpibus</strong></span> <span class='ocrx_word' id='word_1_31' title='bbox 624 975 812 1056; x_wconf 86' lang='lat' dir='ltr'><strong>abstineto,</strong></span> <span class='ocrx_word' id='word_1_32' title='bbox 832 976 914 1068; x_wconf 88' lang='lat' dir='ltr'><strong>quia</strong></span> <span class='ocrx_word' id='word_1_33' title='bbox 927 998 1043 1044; x_wconf 89' lang='lat' dir='ltr'><strong>eorum</strong></span> <span class='ocrx_word' id='word_1_34' title='bbox 1059 975 1199 1045; x_wconf 86' lang='lat' dir='ltr'><strong>licentia</strong></span> 
     </span>
     <span class='ocr_line' id='line_1_6' title="bbox 122 1091 1199 1186; baseline 0.001 -27"><span class='ocrx_word' id='word_1_35' title='bbox 122 1092 388 1186; x_wconf 90' lang='lat' dir='ltr'><strong>imprudentiam</strong></span> <span class='ocrx_word' id='word_1_36' title='bbox 402 1093 523 1160; x_wconf 91' lang='lat' dir='ltr'><strong>nutrit.</strong></span> <span class='ocrx_word' id='word_1_37' title='bbox 536 1093 716 1161; x_wconf 76' lang='lat' dir='ltr'><strong>Sermones</strong></span> <span class='ocrx_word' id='word_1_38' title='bbox 726 1091 827 1160; x_wconf 88' lang='lat' dir='ltr'><strong>utiles</strong></span> <span class='ocrx_word' id='word_1_39' title='bbox 836 1091 1058 1184; x_wconf 86' lang='lat' dir='ltr'><strong>magisquam</strong></span> <span class='ocrx_word' id='word_1_40' title='bbox 1074 1092 1199 1160; x_wconf 88' lang='lat' dir='ltr'><strong>facetos</strong></span> 
     </span>
     <span class='ocr_line' id='line_1_7' title="bbox 121 1205 1199 1303; baseline -0.001 -26"><span class='ocrx_word' id='word_1_41' title='bbox 121 1224 158 1277; x_wconf 88' lang='lat' dir='ltr'><strong>et</strong></span> <span class='ocrx_word' id='word_1_42' title='bbox 172 1209 335 1276; x_wconf 87' lang='lat' dir='ltr'><strong>amabiles</strong></span> <span class='ocrx_word' id='word_1_43' title='bbox 347 1233 441 1291; x_wconf 87' lang='lat' dir='ltr'><strong>ama,</strong></span> <span class='ocrx_word' id='word_1_44' title='bbox 461 1224 571 1277; x_wconf 89' lang='lat' dir='ltr'><strong>rectos</strong></span> <span class='ocrx_word' id='word_1_45' title='bbox 584 1209 811 1303; x_wconf 84' lang='lat' dir='ltr'><strong>potiusquam</strong></span> <span class='ocrx_word' id='word_1_46' title='bbox 826 1205 1108 1276; x_wconf 78' lang='lat' dir='ltr'><strong>obsecundantes.</strong></span> <span class='ocrx_word' id='word_1_47' title='bbox 1125 1211 1199 1276; x_wconf 91' lang='lat' dir='ltr'><strong>Mi-</strong></span> 
     </span>
     <span class='ocr_line' id='line_1_8' title="bbox 121 1312 1200 1416; baseline 0.002 -28"><span class='ocrx_word' id='word_1_48' title='bbox 121 1319 235 1391; x_wconf 88' lang='lat' dir='ltr'><strong>scebis</strong></span> <span class='ocrx_word' id='word_1_49' title='bbox 252 1321 425 1398; x_wconf 88' lang='lat' dir='ltr'><strong>interdum</strong></span> <span class='ocrx_word' id='word_1_50' title='bbox 440 1312 539 1390; x_wconf 86' lang='lat' dir='ltr'><strong>seriis</strong></span> <span class='ocrx_word' id='word_1_51' title='bbox 547 1322 664 1416; x_wconf 89' lang='lat' dir='ltr'><strong>jocos,</strong></span> <span class='ocrx_word' id='word_1_52' title='bbox 682 1323 741 1389; x_wconf 90' lang='lat' dir='ltr'><strong>sed</strong></span> <span class='ocrx_word' id='word_1_53' title='bbox 758 1336 980 1414; x_wconf 82' lang='lat' dir='ltr'><strong>temperatos,</strong></span> <span class='ocrx_word' id='word_1_54' title='bbox 997 1336 1032 1389; x_wconf 94' lang='lat' dir='ltr'><strong>et</strong></span> <span class='ocrx_word' id='word_1_55' title='bbox 1045 1322 1118 1390; x_wconf 89' lang='lat' dir='ltr'><strong>sine</strong></span> <span class='ocrx_word' id='word_1_56' title='bbox 1132 1319 1200 1390; x_wconf 89' lang='lat' dir='ltr'><strong>de-</strong></span> 
     </span>
     <span class='ocr_line' id='line_1_9' title="bbox 120 1433 1200 1532; baseline 0 -28"><span class='ocrx_word' id='word_1_57' title='bbox 120 1438 285 1504; x_wconf 88' lang='lat' dir='ltr'><strong>trimento</strong></span> <span class='ocrx_word' id='word_1_58' title='bbox 303 1433 479 1529; x_wconf 86' lang='lat' dir='ltr'><strong>dignitatis</strong></span> <span class='ocrx_word' id='word_1_59' title='bbox 504 1461 545 1506; x_wconf 89' lang='lat' dir='ltr'><strong>ac</strong></span> <span class='ocrx_word' id='word_1_60' title='bbox 567 1437 797 1508; x_wconf 80' lang='lat' dir='ltr'><strong>verecundiae.</strong></span> <span class='ocrx_word' id='word_1_61' title='bbox 816 1439 900 1506; x_wconf 86' lang='lat' dir='ltr'><strong>Nam</strong></span> <span class='ocrx_word' id='word_1_62' title='bbox 919 1434 1200 1532; x_wconf 85' lang='lat' dir='ltr'><strong>reprehensibilis</strong></span> 
     </span>
     <span class='ocr_line' id='line_1_10' title="bbox 121 1552 1198 1648; baseline 0.002 -28"><span class='ocrx_word' id='word_1_63' title='bbox 121 1554 212 1620; x_wconf 86' lang='lat' dir='ltr'><strong>risus</strong></span> <span class='ocrx_word' id='word_1_64' title='bbox 231 1567 304 1634; x_wconf 83' lang='lat' dir='ltr'><strong>est,</strong></span> <span class='ocrx_word' id='word_1_65' title='bbox 327 1555 354 1620; x_wconf 89' lang='lat' dir='ltr'><strong>si</strong></span> <span class='ocrx_word' id='word_1_66' title='bbox 374 1552 597 1634; x_wconf 86' lang='lat' dir='ltr'><strong>immodicus,</strong></span> <span class='ocrx_word' id='word_1_67' title='bbox 619 1555 648 1622; x_wconf 90' lang='lat' dir='ltr'><strong>si</strong></span> <span class='ocrx_word' id='word_1_68' title='bbox 666 1553 846 1648; x_wconf 82' lang='lat' dir='ltr'><strong>pueriliter</strong></span> <span class='ocrx_word' id='word_1_69' title='bbox 863 1553 1009 1638; x_wconf 83' lang='lat' dir='ltr'><strong>effusus,</strong></span> <span class='ocrx_word' id='word_1_70' title='bbox 1026 1555 1055 1623; x_wconf 84' lang='lat' dir='ltr'><strong>si</strong></span> <span class='ocrx_word' id='word_1_71' title='bbox 1077 1552 1198 1623; x_wconf 89' lang='lat' dir='ltr'><strong>mulie-</strong></span> 
     </span>
     <span class='ocr_line' id='line_1_11' title="bbox 120 1669 1202 1762; baseline 0.002 -26"><span class='ocrx_word' id='word_1_72' title='bbox 120 1670 235 1737; x_wconf 88' lang='lat' dir='ltr'><strong>briter</strong></span> <span class='ocrx_word' id='word_1_73' title='bbox 246 1669 384 1738; x_wconf 55' lang='lat' dir='ltr'><strong>hctus.</strong></span> <span class='ocrx_word' id='word_1_74' title='bbox 402 1669 575 1740; x_wconf 92' lang='lat' dir='ltr'><strong>Odibiiem</strong></span> <span class='ocrx_word' id='word_1_75' title='bbox 589 1695 726 1762; x_wconf 90' lang='lat' dir='ltr'><strong>quoque</strong></span> <span class='ocrx_word' id='word_1_76' title='bbox 740 1670 913 1740; x_wconf 88' lang='lat' dir='ltr'><strong>bominem</strong></span> <span class='ocrx_word' id='word_1_77' title='bbox 928 1670 1009 1740; x_wconf 86' lang='lat' dir='ltr'><strong>iacit</strong></span> <span class='ocrx_word' id='word_1_78' title='bbox 1023 1671 1124 1750; x_wconf 86' lang='lat' dir='ltr'><strong>risus,</strong></span> <span class='ocrx_word' id='word_1_79' title='bbox 1142 1685 1202 1738; x_wconf 84' lang='lat' dir='ltr'><strong>aut</strong></span> 
     </span>
    </p>
   </div>
   <div class='ocr_carea' id='block_1_2' title="bbox 10 1784 1306 1997">
    <p class='ocr_par' dir='ltr' id='par_1_2' title="bbox 10 1784 1306 1997">
     <span class='ocr_line' id='line_1_12' title="bbox 10 1784 1203 1879; baseline 0.002 -27"><span class='ocrx_word' id='word_1_80' title='bbox 10 1808 12 1844; x_wconf 76' lang='lat'>2</span> <span class='ocrx_word' id='word_1_81' title='bbox 121 1784 305 1878; x_wconf 87' lang='lat' dir='ltr'><strong>superbus,</strong></span> <span class='ocrx_word' id='word_1_82' title='bbox 320 1785 516 1869; x_wconf 81' lang='lat' dir='ltr'><strong>autcisrus,</strong></span> <span class='ocrx_word' id='word_1_83' title='bbox 531 1803 591 1856; x_wconf 87' lang='lat' dir='ltr'><strong>aut</strong></span> <span class='ocrx_word' id='word_1_84' title='bbox 603 1786 773 1879; x_wconf 87' lang='lat' dir='ltr'><strong>malignus</strong></span> <span class='ocrx_word' id='word_1_85' title='bbox 785 1803 819 1854; x_wconf 92' lang='lat' dir='ltr'><strong>et</strong></span> <span class='ocrx_word' id='word_1_86' title='bbox 833 1786 992 1867; x_wconf 79' lang='lat' dir='ltr'><strong>furtivus,</strong></span> <span class='ocrx_word' id='word_1_87' title='bbox 1009 1803 1068 1855; x_wconf 89' lang='lat' dir='ltr'><strong>aut</strong></span> <span class='ocrx_word' id='word_1_88' title='bbox 1080 1786 1203 1855; x_wconf 87' lang='lat' dir='ltr'><strong>alienis</strong></span> 
     </span>
     <span class='ocr_line' id='line_1_13' title="bbox 10 1901 1306 1997; baseline 0.001 -28"><span class='ocrx_word' id='word_1_89' title='bbox 10 1933 12 1958; x_wconf 90' lang='lat'><em>=</em></span> <span class='ocrx_word' id='word_1_90' title='bbox 121 1901 223 1969; x_wconf 90' lang='lat' dir='ltr'><strong>malis</strong></span> <span class='ocrx_word' id='word_1_91' title='bbox 243 1917 415 1992; x_wconf 70' lang='lat' dir='ltr'><strong>evocatus.</strong></span> <span class='ocrx_word' id='word_1_92' title='bbox 444 1903 482 1970; x_wconf 88' lang='lat' dir='ltr'><strong>Si</strong></span> <span class='ocrx_word' id='word_1_93' title='bbox 503 1925 587 1996; x_wconf 88' lang='lat' dir='ltr'><strong>ergo</strong></span> <span class='ocrx_word' id='word_1_94' title='bbox 605 1903 698 1997; x_wconf 90' lang='lat' dir='ltr'><strong>ipsos</strong></span> <span class='ocrx_word' id='word_1_95' title='bbox 714 1903 811 1995; x_wconf 87' lang='lat' dir='ltr'><strong>jocos</strong></span> <span class='ocrx_word' id='word_1_96' title='bbox 832 1904 958 1995; x_wconf 85' lang='lat' dir='ltr'><strong>exigis,</strong></span> <span class='ocrx_word' id='word_1_97' title='bbox 979 1902 1046 1972; x_wconf 85' lang='lat' dir='ltr'><strong>hoc</strong></span> <span class='ocrx_word' id='word_1_98' title='bbox 1068 1927 1206 1996; x_wconf 85' lang='lat' dir='ltr'><strong>quoque</strong></span> <span class='ocrx_word' id='word_1_99' title='bbox 1303 1921 1306 1930; x_wconf 85' lang='grc'><strong>’</strong></span> 
     </span>
    </p>
   </div>
   <div class='ocr_carea' id='block_1_3' title="bbox 10 2000 1207 2226">
    <p class='ocr_par' dir='ltr' id='par_1_3' title="bbox 10 2000 1207 2226">
     <span class='ocr_line' id='line_1_14' title="bbox 10 2000 1207 2112; baseline 0.001 -26"><span class='ocrx_word' id='word_1_100' title='bbox 10 2054 14 2062; x_wconf 87' lang='grc'><strong><em>·</em></strong></span> <span class='ocrx_word' id='word_1_101' title='bbox 121 2041 202 2087; x_wconf 91' lang='lat' dir='ltr'><strong>cum</strong></span> <span class='ocrx_word' id='word_1_102' title='bbox 216 2000 384 2112; x_wconf 76' lang='lat' dir='ltr'><strong>dignitate</strong></span> <span class='ocrx_word' id='word_1_103' title='bbox 400 2019 574 2112; x_wconf 73' lang='lat' dir='ltr'><strong>sapientie</strong></span> <span class='ocrx_word' id='word_1_104' title='bbox 590 2042 691 2112; x_wconf 86' lang='lat' dir='ltr'><strong>gere,</strong></span> <span class='ocrx_word' id='word_1_105' title='bbox 707 2034 747 2086; x_wconf 88' lang='lat' dir='ltr'><strong>ut</strong></span> <span class='ocrx_word' id='word_1_106' title='bbox 759 2034 793 2086; x_wconf 89' lang='lat' dir='ltr'><strong>te</strong></span> <span class='ocrx_word' id='word_1_107' title='bbox 807 2042 872 2088; x_wconf 86' lang='lat' dir='ltr'><strong>nec</strong></span> <span class='ocrx_word' id='word_1_108' title='bbox 886 2033 1030 2112; x_wconf 76' lang='lat' dir='ltr'><strong>gravent</strong></span> <span class='ocrx_word' id='word_1_109' title='bbox 1043 2033 1207 2110; x_wconf 87' lang='lat' dir='ltr'><strong>tanquam</strong></span> 
     </span>
     <span class='ocr_line' id='line_1_15' title="bbox 121 2133 1204 2226; baseline 0 -25"><span class='ocrx_word' id='word_1_110' title='bbox 121 2157 305 2226; x_wconf 89' lang='lat' dir='ltr'><strong>asperam,</strong></span> <span class='ocrx_word' id='word_1_111' title='bbox 325 2157 391 2205; x_wconf 89' lang='lat' dir='ltr'><strong>uec</strong></span> <span class='ocrx_word' id='word_1_112' title='bbox 408 2149 626 2203; x_wconf 86' lang='lat' dir='ltr'><strong>contemnunt</strong></span> <span class='ocrx_word' id='word_1_113' title='bbox 646 2149 808 2226; x_wconf 85' lang='lat' dir='ltr'><strong>tanquam</strong></span> <span class='ocrx_word' id='word_1_114' title='bbox 826 2133 942 2203; x_wconf 83' lang='lat' dir='ltr'><strong>vilem.</strong></span> <span class='ocrx_word' id='word_1_115' title='bbox 961 2137 1039 2204; x_wconf 91' lang='lat' dir='ltr'><strong>Non</strong></span> <span class='ocrx_word' id='word_1_116' title='bbox 1057 2135 1125 2203; x_wconf 88' lang='lat' dir='ltr'><strong>erit</strong></span> <span class='ocrx_word' id='word_1_117' title='bbox 1142 2134 1204 2202; x_wconf 89' lang='lat' dir='ltr'><strong>tibi</strong></span> 
     </span>
    </p>
   </div>
   <div class='ocr_carea' id='block_1_4' title="bbox 9 2247 1224 3854">
    <p class='ocr_par' dir='ltr' id='par_1_4' title="bbox 9 2247 1224 3854">
     <span class='ocr_line' id='line_1_16' title="bbox 10 2247 1224 2342; baseline -0.001 -25"><span class='ocrx_word' id='word_1_118' title='bbox 10 2307 15 2317; x_wconf 84' lang='lat'>.</span> <span class='ocrx_word' id='word_1_119' title='bbox 123 2249 329 2334; x_wconf 74' lang='lat' dir='ltr'><strong>scurrilitas,</strong></span> <span class='ocrx_word' id='word_1_120' title='bbox 345 2248 407 2318; x_wconf 87' lang='lat' dir='ltr'><strong>sed</strong></span> <span class='ocrx_word' id='word_1_121' title='bbox 421 2265 517 2342; x_wconf 89' lang='lat' dir='ltr'><strong>grata</strong></span> <span class='ocrx_word' id='word_1_122' title='bbox 533 2248 723 2319; x_wconf 88' lang='lat' dir='ltr'><strong>urbanitas.</strong></span> <span class='ocrx_word' id='word_1_123' title='bbox 741 2249 835 2318; x_wconf 88' lang='lat' dir='ltr'><strong>Sales</strong></span> <span class='ocrx_word' id='word_1_124' title='bbox 849 2250 899 2316; x_wconf 90' lang='lat' dir='ltr'><strong>tui</strong></span> <span class='ocrx_word' id='word_1_125' title='bbox 915 2249 984 2317; x_wconf 87' lang='lat' dir='ltr'><strong>siut</strong></span> <span class='ocrx_word' id='word_1_126' title='bbox 999 2251 1073 2318; x_wconf 87' lang='lat' dir='ltr'><strong>sinc</strong></span> <span class='ocrx_word' id='word_1_127' title='bbox 1087 2247 1202 2328; x_wconf 80' lang='lat' dir='ltr'><strong>dente,</strong></span> <span class='ocrx_word' id='word_1_128' title='bbox 1222 2257 1224 2266; x_wconf 82' lang='grc'>’</span> 
     </span>
     <span class='ocr_line' id='line_1_17' title="bbox 10 2363 1204 2458; baseline -0.003 -21"><span class='ocrx_word' id='word_1_129' title='bbox 10 2398 17 2437; x_wconf 78' lang='lat' dir='ltr'><strong>t</strong></span> <span class='ocrx_word' id='word_1_130' title='bbox 116 2367 192 2458; x_wconf 85' lang='lat' dir='ltr'><strong>joci</strong></span> <span class='ocrx_word' id='word_1_131' title='bbox 202 2365 415 2442; x_wconf 86' lang='lat' dir='ltr'><strong>siueviiitate</strong></span> <span class='ocrx_word' id='word_1_132' title='bbox 424 2367 489 2456; x_wconf 87' lang='lat' dir='ltr'><strong>(al.</strong></span> <span class='ocrx_word' id='word_1_133' title='bbox 496 2363 676 2456; x_wconf 89' lang='lat' dir='ltr'><strong>utilitate),</strong></span> <span class='ocrx_word' id='word_1_134' title='bbox 687 2367 776 2434; x_wconf 86' lang='lat' dir='ltr'><strong>risus</strong></span> <span class='ocrx_word' id='word_1_135' title='bbox 784 2365 858 2434; x_wconf 89' lang='lat' dir='ltr'><strong>sine</strong></span> <span class='ocrx_word' id='word_1_136' title='bbox 868 2365 1122 2450; x_wconf 79' lang='lat' dir='ltr'><strong>cachinno,vox</strong></span> <span class='ocrx_word' id='word_1_137' title='bbox 1131 2368 1204 2436; x_wconf 88' lang='lat' dir='ltr'><strong>sine</strong></span> 
     </span>
     <span class='ocr_line' id='line_1_18' title="bbox 10 2480 1202 2573; baseline -0.005 -17"><span class='ocrx_word' id='word_1_138' title='bbox 10 2547 15 2556; x_wconf 89' lang='lat'>.</span> <span class='ocrx_word' id='word_1_139' title='bbox 120 2483 286 2565; x_wconf 81' lang='lat' dir='ltr'><strong>ciamare,</strong></span> <span class='ocrx_word' id='word_1_140' title='bbox 298 2483 449 2555; x_wconf 87' lang='lat' dir='ltr'><strong>incessus</strong></span> <span class='ocrx_word' id='word_1_141' title='bbox 459 2483 531 2552; x_wconf 87' lang='lat' dir='ltr'><strong>siue</strong></span> <span class='ocrx_word' id='word_1_142' title='bbox 544 2482 691 2551; x_wconf 87' lang='lat' dir='ltr'><strong>tumultu</strong></span> <span class='ocrx_word' id='word_1_143' title='bbox 701 2510 711 2568; x_wconf 77' lang='lat'>3</span> <span class='ocrx_word' id='word_1_144' title='bbox 721 2483 820 2573; x_wconf 89' lang='lat' dir='ltr'><strong>quies</strong></span> <span class='ocrx_word' id='word_1_145' title='bbox 830 2480 893 2548; x_wconf 89' lang='lat' dir='ltr'><strong>tibi</strong></span> <span class='ocrx_word' id='word_1_146' title='bbox 902 2505 972 2550; x_wconf 90' lang='lat' dir='ltr'><strong>non</strong></span> <span class='ocrx_word' id='word_1_147' title='bbox 982 2480 1114 2551; x_wconf 87' lang='lat' dir='ltr'><strong>desidia</strong></span> <span class='ocrx_word' id='word_1_148' title='bbox 1123 2485 1202 2566; x_wconf 73' lang='lat' dir='ltr'><strong>erit,</strong></span> 
     </span>
     <span class='ocr_line' id='line_1_19' title="bbox 10 2595 1207 2690; baseline -0.003 -19"><span class='ocrx_word' id='word_1_149' title='bbox 10 2634 14 2671; x_wconf 84' lang='grc' dir='ltr'><em>ῑ</em></span> <span class='ocrx_word' id='word_1_150' title='bbox 122 2615 161 2668; x_wconf 90' lang='lat' dir='ltr'><strong>et</strong></span> <span class='ocrx_word' id='word_1_151' title='bbox 175 2623 280 2690; x_wconf 86' lang='lat' dir='ltr'><strong>quum</strong></span> <span class='ocrx_word' id='word_1_152' title='bbox 291 2598 336 2667; x_wconf 88' lang='lat' dir='ltr'><strong>ab</strong></span> <span class='ocrx_word' id='word_1_153' title='bbox 347 2596 425 2666; x_wconf 85' lang='lat' dir='ltr'><strong>aliis</strong></span> <span class='ocrx_word' id='word_1_154' title='bbox 439 2597 582 2682; x_wconf 86' lang='lat' dir='ltr'><strong>luditur,</strong></span> <span class='ocrx_word' id='word_1_155' title='bbox 592 2613 630 2664; x_wconf 91' lang='lat' dir='ltr'><strong>tu</strong></span> <span class='ocrx_word' id='word_1_156' title='bbox 643 2598 751 2665; x_wconf 89' lang='lat' dir='ltr'><strong>sancti</strong></span> <span class='ocrx_word' id='word_1_157' title='bbox 763 2595 1110 2690; x_wconf 83' lang='lat' dir='ltr'><strong>aliquidhcuestiquc</strong></span> <span class='ocrx_word' id='word_1_158' title='bbox 1119 2615 1207 2667; x_wconf 83' lang='lat' dir='ltr'><strong>trac·</strong></span> 
     </span>
     <span class='ocr_line' id='line_1_20' title="bbox 9 2708 1207 2801; baseline 0.001 -24"><span class='ocrx_word' id='word_1_159' title='bbox 9 2744 19 2790; x_wconf 63' lang='grc' dir='ltr'><strong>ς·</strong></span> <span class='ocrx_word' id='word_1_160' title='bbox 122 2710 229 2784; x_wconf 65' lang='lat' dir='ltr'><strong>tabis.⁸</strong></span> <span class='ocrx_word' id='word_1_161' title='bbox 251 2712 289 2780; x_wconf 83' lang='lat' dir='ltr'><strong>si</strong></span> <span class='ocrx_word' id='word_1_162' title='bbox 304 2711 491 2780; x_wconf 84' lang='lat' dir='ltr'><strong>continens</strong></span> <span class='ocrx_word' id='word_1_163' title='bbox 501 2735 561 2792; x_wconf 88' lang='lat' dir='ltr'><strong>es,</strong></span> <span class='ocrx_word' id='word_1_164' title='bbox 581 2709 795 2786; x_wconf 85' lang='lat' dir='ltr'><strong>adulationes</strong></span> <span class='ocrx_word' id='word_1_165' title='bbox 809 2710 916 2793; x_wconf 81' lang='lat' dir='ltr'><strong>avita,</strong></span> <span class='ocrx_word' id='word_1_166' title='bbox 933 2711 1045 2801; x_wconf 87' lang='lat' dir='ltr'><strong>sitque</strong></span> <span class='ocrx_word' id='word_1_167' title='bbox 1061 2708 1207 2779; x_wconf 77' lang='lat' dir='ltr'><strong>libitam</strong></span> 
     </span>
     <span class='ocr_line' id='line_1_21' title="bbox 9 2825 1208 2921; baseline -0.003 -26"><span class='ocrx_word' id='word_1_168' title='bbox 9 2888 12 2895; x_wconf 81' lang='grc'><strong>.</strong></span> <span class='ocrx_word' id='word_1_169' title='bbox 123 2829 225 2896; x_wconf 89' lang='lat' dir='ltr'><strong>triste</strong></span> <span class='ocrx_word' id='word_1_170' title='bbox 237 2825 369 2896; x_wconf 84' lang='lat' dir='ltr'><strong>laudari</strong></span> <span class='ocrx_word' id='word_1_171' title='bbox 382 2852 403 2901; x_wconf 86' lang='lat' dir='ltr'><strong>a</strong></span> <span class='ocrx_word' id='word_1_172' title='bbox 416 2827 593 2921; x_wconf 86' lang='lat' dir='ltr'><strong>turpibus,</strong></span> <span class='ocrx_word' id='word_1_173' title='bbox 610 2829 755 2920; x_wconf 88' lang='lat' dir='ltr'><strong>quamsi</strong></span> <span class='ocrx_word' id='word_1_174' title='bbox 770 2827 920 2896; x_wconf 87' lang='lat' dir='ltr'><strong>lauderis</strong></span> <span class='ocrx_word' id='word_1_175' title='bbox 934 2825 978 2895; x_wconf 94' lang='lat' dir='ltr'><strong>ob</strong></span> <span class='ocrx_word' id='word_1_176' title='bbox 993 2829 1119 2920; x_wconf 87' lang='lat' dir='ltr'><strong>turpia.</strong></span> <span class='ocrx_word' id='word_1_177' title='bbox 1136 2830 1208 2896; x_wconf 79' lang='lat' dir='ltr'><strong>Las.-</strong></span> 
     </span>
     <span class='ocr_line' id='line_1_22' title="bbox 10 2941 1207 3036; baseline -0.001 -22"><span class='ocrx_word' id='word_1_178' title='bbox 10 2985 20 3026; x_wconf 47' lang='grc' dir='ltr'><strong>,ς</strong></span> <span class='ocrx_word' id='word_1_179' title='bbox 121 2947 307 3025; x_wconf 80' lang='lat' dir='ltr'><strong>timeam,</strong></span> <span class='ocrx_word' id='word_1_180' title='bbox 330 2946 464 3036; x_wconf 89' lang='lat' dir='ltr'><strong>quoties</strong></span> <span class='ocrx_word' id='word_1_181' title='bbox 477 2943 638 3036; x_wconf 87' lang='lat' dir='ltr'><strong>displices</strong></span> <span class='ocrx_word' id='word_1_182' title='bbox 656 2943 774 3026; x_wconf 75' lang='lat' dir='ltr'><strong>maiis3</strong></span> <span class='ocrx_word' id='word_1_183' title='bbox 791 2943 1003 3012; x_wconf 86' lang='lat' dir='ltr'><strong>etmalorum</strong></span> <span class='ocrx_word' id='word_1_184' title='bbox 1023 2941 1067 3012; x_wconf 92' lang='lat' dir='ltr'><strong>de</strong></span> <span class='ocrx_word' id='word_1_185' title='bbox 1085 2959 1119 3012; x_wconf 90' lang='lat' dir='ltr'><strong>te</strong></span> <span class='ocrx_word' id='word_1_186' title='bbox 1133 2947 1207 3014; x_wconf 86' lang='lat' dir='ltr'><strong>exi·</strong></span> 
     </span>
     <span class='ocr_line' id='line_1_23' title="bbox 10 3059 1208 3146; baseline -0.004 -13"><span class='ocrx_word' id='word_1_187' title='bbox 10 3111 12 3146; x_wconf 64' lang='lat'>2</span> <span class='ocrx_word' id='word_1_188' title='bbox 121 3064 338 3133; x_wconf 76' lang='lat' dir='ltr'><strong>etimatiores</strong></span> <span class='ocrx_word' id='word_1_189' title='bbox 356 3061 459 3130; x_wconf 90' lang='lat' dir='ltr'><strong>maias</strong></span> <span class='ocrx_word' id='word_1_190' title='bbox 475 3109 486 3146; x_wconf 95' lang='lat'><strong>,</strong></span> <span class='ocrx_word' id='word_1_191' title='bbox 502 3085 616 3130; x_wconf 90' lang='lat' dir='ltr'><strong>veram</strong></span> <span class='ocrx_word' id='word_1_192' title='bbox 632 3062 683 3129; x_wconf 92' lang='lat' dir='ltr'><strong>tui</strong></span> <span class='ocrx_word' id='word_1_193' title='bbox 700 3059 930 3130; x_wconf 86' lang='lat' dir='ltr'><strong>laudationem</strong></span> <span class='ocrx_word' id='word_1_194' title='bbox 942 3059 1112 3130; x_wconf 85' lang='lat' dir='ltr'><strong>adscribe.</strong></span> <span class='ocrx_word' id='word_1_195' title='bbox 1131 3063 1208 3130; x_wconf 86' lang='lat' dir='ltr'><strong>Dii·</strong></span> 
     </span>
     <span class='ocr_line' id='line_1_24' title="bbox 15 3175 1208 3272; baseline -0.003 -25"><span class='ocrx_word' id='word_1_196' title='bbox 15 3220 20 3258; x_wconf 75' lang='lat'>;</span> <span class='ocrx_word' id='word_1_197' title='bbox 122 3178 552 3247; x_wconf 79' lang='lat' dir='ltr'><strong>ficiilimumcontinentiae</strong></span> <span class='ocrx_word' id='word_1_198' title='bbox 563 3200 650 3272; x_wconf 90' lang='lat' dir='ltr'><strong>opus</strong></span> <span class='ocrx_word' id='word_1_199' title='bbox 666 3193 739 3259; x_wconf 87' lang='lat' dir='ltr'><strong>est,</strong></span> <span class='ocrx_word' id='word_1_200' title='bbox 759 3178 1002 3246; x_wconf 83' lang='lat' dir='ltr'><strong>assentationes</strong></span> <span class='ocrx_word' id='word_1_201' title='bbox 1013 3175 1208 3246; x_wconf 89' lang='lat' dir='ltr'><strong>adulatione</strong></span> 
     </span>
     <span class='ocr_line' id='line_1_25' title="bbox 10 3291 1205 3388; baseline -0.004 -24"><span class='ocrx_word' id='word_1_202' title='bbox 10 3339 23 3384; x_wconf 58' lang='grc' dir='ltr'><strong>Ξ;</strong></span> <span class='ocrx_word' id='word_1_203' title='bbox 123 3293 312 3388; x_wconf 87' lang='lat' dir='ltr'><strong>repellere,</strong></span> <span class='ocrx_word' id='word_1_204' title='bbox 327 3317 472 3387; x_wconf 87' lang='lat' dir='ltr'><strong>quarum</strong></span> <span class='ocrx_word' id='word_1_205' title='bbox 486 3316 657 3362; x_wconf 87' lang='lat' dir='ltr'><strong>sermones</strong></span> <span class='ocrx_word' id='word_1_206' title='bbox 664 3293 816 3360; x_wconf 80' lang='lat' dir='ltr'><strong>‚animum</strong></span> <span class='ocrx_word' id='word_1_207' title='bbox 830 3291 1003 3386; x_wconf 83' lang='lat' dir='ltr'><strong>voluptate</strong></span> <span class='ocrx_word' id='word_1_208' title='bbox 1017 3293 1205 3364; x_wconf 87' lang='lat' dir='ltr'><strong>resolvunt.</strong></span> 
     </span>
     <span class='ocr_line' id='line_1_26' title="bbox 9 3407 1209 3505; baseline -0.003 -26"><span class='ocrx_word' id='word_1_209' title='bbox 9 3440 25 3505; x_wconf 66' lang='lat' dir='ltr'><strong>j.</strong></span> <span class='ocrx_word' id='word_1_210' title='bbox 121 3409 264 3479; x_wconf 88' lang='lat' dir='ltr'><strong>Nullius</strong></span> <span class='ocrx_word' id='word_1_211' title='bbox 289 3433 354 3503; x_wconf 92' lang='lat' dir='ltr'><strong>per</strong></span> <span class='ocrx_word' id='word_1_212' title='bbox 375 3410 637 3478; x_wconf 86' lang='lat' dir='ltr'><strong>assentationem</strong></span> <span class='ocrx_word' id='word_1_213' title='bbox 662 3409 845 3480; x_wconf 81' lang='lat' dir='ltr'><strong>amicitiam</strong></span> <span class='ocrx_word' id='word_1_214' title='bbox 872 3409 1056 3490; x_wconf 87' lang='lat' dir='ltr'><strong>merearis,</strong></span> <span class='ocrx_word' id='word_1_215' title='bbox 1077 3433 1142 3477; x_wconf 91' lang='lat' dir='ltr'><strong>uec</strong></span> <span class='ocrx_word' id='word_1_216' title='bbox 1164 3407 1209 3477; x_wconf 94' lang='lat' dir='ltr'><strong>ad</strong></span> 
     </span>
     <span class='ocr_line' id='line_1_27' title="bbox 10 3524 1210 3622; baseline -0.006 -23"><span class='ocrx_word' id='word_1_217' title='bbox 10 3582 17 3622; x_wconf 51' lang='grc' dir='ltr'>ξ</span> <span class='ocrx_word' id='word_1_218' title='bbox 122 3547 221 3598; x_wconf 89' lang='lat' dir='ltr'><strong>tuam</strong></span> <span class='ocrx_word' id='word_1_219' title='bbox 239 3526 499 3620; x_wconf 84' lang='lat' dir='ltr'><strong>promerendam</strong></span> <span class='ocrx_word' id='word_1_220' title='bbox 519 3528 694 3621; x_wconf 76' lang='lat' dir='ltr'><strong>perhanc</strong></span> <span class='ocrx_word' id='word_1_221' title='bbox 712 3524 845 3595; x_wconf 90' lang='lat' dir='ltr'><strong>aditum</strong></span> <span class='ocrx_word' id='word_1_222' title='bbox 869 3525 1011 3621; x_wconf 89' lang='lat' dir='ltr'><strong>pandas.</strong></span> <span class='ocrx_word' id='word_1_223' title='bbox 1040 3528 1125 3595; x_wconf 87' lang='lat' dir='ltr'><strong>Non.</strong></span> <span class='ocrx_word' id='word_1_224' title='bbox 1142 3527 1210 3593; x_wconf 85' lang='lat' dir='ltr'><strong>cris</strong></span> 
     </span>
     <span class='ocr_line' id='line_1_28' title="bbox 9 3643 1209 3741; baseline -0.003 -27"><span class='ocrx_word' id='word_1_225' title='bbox 9 3714 34 3741; x_wconf 55' lang='lat'><strong>‚‚.</strong></span> <span class='ocrx_word' id='word_1_226' title='bbox 121 3643 257 3728; x_wconf 86' lang='lat' dir='ltr'><strong>audax,</strong></span> <span class='ocrx_word' id='word_1_227' title='bbox 278 3669 342 3714; x_wconf 90' lang='lat' dir='ltr'><strong>nec</strong></span> <span class='ocrx_word' id='word_1_228' title='bbox 358 3667 543 3737; x_wconf 79' lang='lat' dir='ltr'><strong>arrogans,</strong></span> <span class='ocrx_word' id='word_1_229' title='bbox 561 3643 743 3712; x_wconf 86' lang='lat' dir='ltr'><strong>submittes</strong></span> <span class='ocrx_word' id='word_1_230' title='bbox 756 3658 810 3725; x_wconf 89' lang='lat' dir='ltr'><strong>te,</strong></span> <span class='ocrx_word' id='word_1_231' title='bbox 834 3668 903 3712; x_wconf 89' lang='lat' dir='ltr'><strong>non</strong></span> <span class='ocrx_word' id='word_1_232' title='bbox 920 3643 1209 3737; x_wconf 83' lang='lat' dir='ltr'><strong>projiciesgravi-</strong></span> 
     </span>
     <span class='ocr_line' id='line_1_29' title="bbox 15 3757 1208 3854; baseline -0.002 -26"><span class='ocrx_word' id='word_1_233' title='bbox 15 3805 35 3847; x_wconf 66' lang='lat'><strong>,7</strong></span> <span class='ocrx_word' id='word_1_234' title='bbox 125 3777 199 3831; x_wconf 87' lang='lat' dir='ltr'><strong>tate</strong></span> <span class='ocrx_word' id='word_1_235' title='bbox 212 3777 357 3830; x_wconf 86' lang='lat' dir='ltr'><strong>servata.</strong></span> <span class='ocrx_word' id='word_1_236' title='bbox 375 3759 799 3846; x_wconf 80' lang='lat' dir='ltr'><strong>Admoneberisiibenter,</strong></span> <span class='ocrx_word' id='word_1_237' title='bbox 818 3757 1131 3854; x_wconf 86' lang='lat' dir='ltr'><strong>etreprcbenderis</strong></span> <span class='ocrx_word' id='word_1_238' title='bbox 1144 3783 1208 3852; x_wconf 87' lang='lat' dir='ltr'><strong>pa-</strong></span> 
     </span>
    </p>
   </div>
   <div class='ocr_carea' id='block_1_5' title="bbox 10 3875 1313 3980">
    <p class='ocr_par' dir='ltr' id='par_1_5' title="bbox 10 3856 1313 3980">
     <span class='ocr_line' id='line_1_30' title="bbox 10 3875 1313 3980; baseline -0.003 -34"><span class='ocrx_word' id='word_1_239' title='bbox 10 3941 28 3976; x_wconf 42' lang='lat' dir='ltr'><strong>t</strong></span> <span class='ocrx_word' id='word_1_240' title='bbox 122 3880 269 3948; x_wconf 84' lang='lat' dir='ltr'><strong>tienter.</strong></span> <span class='ocrx_word' id='word_1_241' title='bbox 289 3879 325 3947; x_wconf 88' lang='lat' dir='ltr'><strong>Si</strong></span> <span class='ocrx_word' id='word_1_242' title='bbox 344 3878 465 3946; x_wconf 85' lang='lat' dir='ltr'><strong>merito</strong></span> <span class='ocrx_word' id='word_1_243' title='bbox 483 3875 677 3971; x_wconf 80' lang='lat' dir='ltr'><strong>objurgabit</strong></span> <span class='ocrx_word' id='word_1_244' title='bbox 692 3877 839 3968; x_wconf 89' lang='lat' dir='ltr'><strong>aliquis,</strong></span> <span class='ocrx_word' id='word_1_245' title='bbox 860 3879 944 3946; x_wconf 82' lang='lat' dir='ltr'><strong>scito</strong></span> <span class='ocrx_word' id='word_1_246' title='bbox 960 3875 1206 3970; x_wconf 78' lang='lat' dir='ltr'><strong>quiaproiuit3</strong></span> <span class='ocrx_word' id='word_1_247' title='bbox 1308 3975 1313 3980; x_wconf 29' lang='lat'><em>·</em></span> 
     </span>
    </p>
   </div>
   <div class='ocr_carea' id='block_1_6' title="bbox 10 3991 1209 4096">
    <p class='ocr_par' dir='ltr' id='par_1_6' title="bbox 10 3991 1209 4096">
     <span class='ocr_line' id='line_1_31' title="bbox 10 3991 1209 4096; baseline -0.005 -30"><span class='ocrx_word' id='word_1_248' title='bbox 10 4022 33 4096; x_wconf 51' lang='lat' dir='ltr'><strong>g·</strong></span> <span class='ocrx_word' id='word_1_249' title='bbox 121 3997 157 4065; x_wconf 86' lang='lat' dir='ltr'><strong>si</strong></span> <span class='ocrx_word' id='word_1_250' title='bbox 174 3996 363 4078; x_wconf 90' lang='lat' dir='ltr'><strong>immerito,</strong></span> <span class='ocrx_word' id='word_1_251' title='bbox 383 3994 466 4064; x_wconf 87' lang='lat' dir='ltr'><strong>scito</strong></span> <span class='ocrx_word' id='word_1_252' title='bbox 483 3995 564 4085; x_wconf 89' lang='lat' dir='ltr'><strong>quia</strong></span> <span class='ocrx_word' id='word_1_253' title='bbox 579 3992 741 4087; x_wconf 87' lang='lat' dir='ltr'><strong>prodesse</strong></span> <span class='ocrx_word' id='word_1_254' title='bbox 758 3993 877 4064; x_wconf 84' lang='lat' dir='ltr'><strong>voluit.</strong></span> <span class='ocrx_word' id='word_1_255' title='bbox 896 3996 972 4062; x_wconf 89' lang='lat' dir='ltr'><strong>Non</strong></span> <span class='ocrx_word' id='word_1_256' title='bbox 985 3993 1125 4068; x_wconf 84' lang='lat' dir='ltr'><strong>acerba,</strong></span> <span class='ocrx_word' id='word_1_257' title='bbox 1147 3991 1209 4060; x_wconf 90' lang='lat' dir='ltr'><strong>sed</strong></span> 
     </span>
    </p>
   </div>
   <div class='ocr_carea' id='block_1_7' title="bbox 11 4109 1209 4339">
    <p class='ocr_par' dir='ltr' id='par_1_7' title="bbox 10 4100 1209 4339">
     <span class='ocr_line' id='line_1_32' title="bbox 120 4109 1209 4206; baseline -0.006 -21.642"><span class='ocrx_word' id='word_1_258' title='bbox 120 4109 257 4183; x_wconf 85' lang='lat' dir='ltr'><strong>blanda</strong></span> <span class='ocrx_word' id='word_1_259' title='bbox 272 4110 406 4180; x_wconf 84' lang='lat' dir='ltr'><strong>timebis</strong></span> <span class='ocrx_word' id='word_1_260' title='bbox 424 4111 540 4180; x_wconf 83' lang='lat' dir='ltr'><strong>verba.</strong></span> <span class='ocrx_word' id='word_1_261' title='bbox 563 4114 643 4180; x_wconf 88' lang='lat' dir='ltr'><strong>Esto</strong></span> <span class='ocrx_word' id='word_1_262' title='bbox 657 4112 818 4182; x_wconf 84' lang='lat' dir='ltr'><strong>vitiorum</strong></span> <span class='ocrx_word' id='word_1_263' title='bbox 831 4112 934 4206; x_wconf 85' lang='lat' dir='ltr'><strong>fugax</strong></span> <span class='ocrx_word' id='word_1_264' title='bbox 949 4112 1044 4205; x_wconf 89' lang='lat' dir='ltr'><strong>ipse,</strong></span> <span class='ocrx_word' id='word_1_265' title='bbox 1065 4109 1209 4178; x_wconf 89' lang='lat' dir='ltr'><strong>aliorum</strong></span> 
     </span>
     <span class='ocr_line' id='line_1_33' title="bbox 11 4226 1208 4339; baseline -0.006 -37.006"><span class='ocrx_word' id='word_1_266' title='bbox 11 4271 36 4339; x_wconf 53' lang='lat' dir='ltr'><strong>i?</strong></span> <span class='ocrx_word' id='word_1_267' title='bbox 123 4253 214 4301; x_wconf 85' lang='lat' dir='ltr'><strong>vero</strong></span> <span class='ocrx_word' id='word_1_268' title='bbox 227 4252 340 4324; x_wconf 89' lang='lat' dir='ltr'><strong>neque</strong></span> <span class='ocrx_word' id='word_1_269' title='bbox 358 4229 512 4299; x_wconf 88' lang='lat' dir='ltr'><strong>curiosus</strong></span> <span class='ocrx_word' id='word_1_270' title='bbox 529 4243 708 4314; x_wconf 84' lang='lat' dir='ltr'><strong>scrutator,</strong></span> <span class='ocrx_word' id='word_1_271' title='bbox 727 4251 842 4322; x_wconf 88' lang='lat' dir='ltr'><strong>neque</strong></span> <span class='ocrx_word' id='word_1_272' title='bbox 859 4227 1003 4298; x_wconf 87' lang='lat' dir='ltr'><strong>acerbus</strong></span> <span class='ocrx_word' id='word_1_273' title='bbox 1018 4226 1208 4323; x_wconf 86' lang='lat' dir='ltr'><strong>repreben-</strong></span> 
     </span>
    </p>
   </div>
   <div class='ocr_carea' id='block_1_8' title="bbox 0 0 1484 4934">
    <p class='ocr_par' dir='ltr' id='par_1_8' title="bbox 0 0 1484 4934">
     <span class='ocr_line' id='line_1_34' title="bbox 0 0 1484 4934; baseline 0 0"><span class='ocrx_word' id='word_1_274' title='bbox 0 0 1484 4934; x_wconf 95' lang='lat' dir='ltr'><strong> </strong></span> 
     </span>
    </p>
   </div>
  </div>
 </body>
</html>
