2950 4934
376 471 381 478 ·
436 450 713 521 EPISTOLA
738 452 906 519 CXXII.
1141 456 1209 551 339

131 596 238 662 runt,
267 580 355 651 soeda
381 582 551 649 visuntur.
576 580 716 675 Quippe
746 558 955 674 suspectidr¹
981 582 1073 666 illis,
1105 605 1247 677 qunmt
1278 655 1282 664 ,

131 697 252 767 morbo
265 696 491 791 pallentibus,
507 696 600 765 color
612 712 663 765 est
678 723 686 763 ε
703 696 866 791 languidi
872 714 909 766 et
918 698 1054 767 evanidi
1067 696 1205 783 albent,

131 834 165 885 at
189 818 226 885 in
249 818 337 885 vivis
355 840 434 885 cano
454 816 632 885 morticina
651 831 713 883 est.
744 816 818 884 Hoc
835 832 948 885 tamen
969 816 1147 887 minimum
1169 822 1206 889 in

130 933 199 1002 illis
211 933 377 1001 malorum
391 930 547 999 dixerim.
565 932 703 1022 Quanto
717 931 795 1024 plus
810 932 1030 1003 tenebrarum
1044 934 1081 1001 in
1093 935 1209 1002 animo

131 1051 205 1119 est?
219 1049 279 1117 ille
293 1048 330 1115 in
341 1072 385 1115 ‘se
406 1062 538 1139 stupet,
562 1045 621 1113 ille
642 1046 783 1139 caligat,
806 1046 1091 1117 invideteoecis'.
1118 1048 1207 1141 Quis

130 1187 283 1255 unquam
296 1162 412 1231 oculos
428 1160 645 1229 tenebrarum
660 1182 761 1229 cansa
775 1159 897 1229 habuit
911 1162 926 1228 Ρ

179 1282 378 1373 interrogas
392 1328 400 1357 ‚
418 1275 587 1369 quomodo
603 1278 678 1345 haec
694 1279 808 1345 animo
824 1280 976 1371 pravitas
998 1280 1082 1365 fiat,
1105 1277 1207 1349 aver·

131 1397 230 1465 sandi
250 1396 365 1478 diem,
388 1412 422 1463 et
439 1410 542 1463 totam
560 1397 663 1463 vitam
686 1397 724 1463 in
740 1396 881 1465 noctem'
894 1396 1121 1467 transferendi
1134 1402 1209 1467 i—

131 1511 258 1580 Omnia
279 1511 363 1577 vitia
388 1524 506 1577 contra
532 1511 686 1575 naturain
705 1526 862 1603 pugnant
878 1513 1031 1596 ,omnia
1055 1510 1209 1581 debitum
1232 1526 1249 1580 6

131 1628 289 1695 ordinem
303 1629 468 1697 deserunt
485 1653 492 1693 ε
509 1626 576 1694 boc
588 1642 639 1693 est
655 1626 797 1694 luxurie
812 1629 1041 1720 prepositum,
1059 1628 1212 1723 gaudere

130 1743 329 1835 perversis,
345 1764 411 1809 nec
429 1756 561 1807 tantum
573 1736 751 1806 discedere
765 1762 785 1806 a
801 1747 915 1822 recto,
936 1740 996 1809 sed
1012 1766 1115 1834 qnam
1128 1743 1210 1811 lon.

132 1860 273 1951 gissitne
291 1857 411 1939 abire,
434 1853 560 1923 deinde
576 1856 678 1923 etia‘m
701 1878 720 1921 e
739 1858 911 1923 contrario
928 1873 1030 1925 stare.
1053 1860 1114 1925 Isti
1140 1882 1208 1928 non

130 1971 295 2039 videntur
313 1970 376 2037 tibi
385 1974 507 2037 ‘contra
522 1983 675 2036 naturam
688 1969 826 2050 vivere,
846 1970 905 2060 qni
918 1970 1030 2062 jejuni
1044 1962 1205 2058 ³bibunt‚

130 2090 190 2181 qui
209 2088 330 2157 vinu-m
349 2084 520 2177 recipiunt
538 2083 698 2151 inanibus
714 2085 836 2170 venis,
858 2084 956 2154 et¹ad
978 2086 1091 2155 cibum
1119 2090 1209 2157 ebrii

130 2205 334 2275 transeunt?
347 2202 453 2293 Atqui
468 2202 629 2292 frequens
642 2201 709 2268 hoc
721 2200 985 2295 adelescentinm
1000 2206 1120 2273 vitium
1135 2223 1205 2290 est,

130 2324 190 2415 qui
205 2323 299 2389 vires
311 2319 491 2399 excolunt,
507 2334 567 2401 nt,
583 2319 619 2383 in
633 2319 708 2411 ip’so
723 2321 823 2411 piene
838 2320 952 2388 balnei
968 2323 1102 2408 limine,
1119 2326 1210 2391 inter

131 2439 244 2506 nudos
254 2438 395 2521 bibant,
412 2437 514 2503 immo
528 2449 646 2526 potent
658 2462 667 2518 ς
685 2449 722 2500 ut
730 2433 903 2517 sudorem,
916 2460 1017 2526 quem
1030 2456 1208 2507 moverunt

129 2554 329 2647 potionibus
347 2551 479 2621 crebris
490 2574 531 2617 ac
545 2548 781 2632 ferventibus,
800 2550 947 2618 subinde
960 2544 973 2594 ⁴
986 2553 1204 2650 distringant.

130 2674 210 2740 Post
220 2669 402 2766 prandium
415 2683 473 2735 aut
485 2689 610 2735 coenam
622 2663 755 2764 bibere,
769 2666 909 2760 vulgare
921 2684 972 2735 est
981 2697 990 2755 3
1000 2670 1066 2739 hoc
1078 2688 1209 2765 patres·
1236 2708 1249 2756 7

130 2896 180 2948 tls.
202 2914 230 2947 a·
250 2894 294 2947 dat
312 2892 424 2961 superbo
441 2892 545 2943 umbro.
562 2888 644 2943 Sele
693 2888 807 2962 exempla
827 2888 952 2961 prebeant
970 2891 1170 2965 intemperentite
1185 2907 1210 2949 et
1238 2947 1241 2957 ,

166 2992 187 3025 ι,
212 2970 318 3042 Quippe
335 2972 478 3037 suspectior
495 2962 645 3041 illlsg'Cutn
694 2966 853 3037 magisteriu
874 2988 983 3038 qnorum
1006 2990 1036 3022 eo
1055 2992 1133 3041 usque
1147 2974 1210 3026 vitia

129 3050 205 3102 Grnt.
222 3061 247 3100 et
256 3048 371 3101 Gronov.
387 3066 401 3098 e
418 3045 534 3099 Pincinni
555 3064 659 3113 exem*-
693 3057 832 3112 venerunt,
844 3057 872 3097 ut
882 3058 907 3098 et
917 3046 996 3119 jejuni
1007 3051 1132 3104 matutine
1143 3064 1209 3105 tem·

129 3127 208 3200 pleri,
225 3126 325 3179 ἀποδω
338 3124 410 3201 pelet.
420 3137 445 3177 et
458 3124 517 3177 edit
526 3122 652 3175 tarvisina¹
694 3144 754 3196 pore
768 3123 857 3175 bibant
866 3142 874 3175 z
884 3146 936 3177 non
955 3138 1069 3198 putantes
1088 3130 1210 3182 christin-

130 3206 199 3258 dedi.
211 3207 345 3271 Erasmus,
357 3204 435 3256 editio
449 3203 552 3271 antiqua
564 3214 587 3253 et
597 3214 645 3253 tres
695 3220 758 3253 num
773 3220 825 3252 esse
838 3214 922 3273 potare
935 3216 990 3277 post
1001 3205 1105 3267 cibum,
1119 3206 1169 3259 nisi
1181 3208 1210 3259 in

130 3284 201 3356 pub:
215 3282 566 3352 Qnippenonspeeiotiorill.
577 3280 659 3349 alt·
695 3292 786 3331 vacms
800 3290 824 3329 et
837 3279 926 3332 inanes
942 3280 1026 3334 adbuc
1036 3299 1113 3334 venas
1125 3286 1210 3336 inbrsa

162 3383 187 3414 2.
200 3360 257 3414 lue
269 3360 379 3429 rebitet,
392 3361 492 3413 invidet
505 3362 583 3412 cacis.
596 3360 644 3409 lnt.
694 3356 777 3408 stetim
790 3376 834 3429 per
847 3357 933 3430 (lego,
948 3361 1024 3427 post)
1035 3360 1095 3412 vina
1108 3360 1211 3414 descen·

128 3440 232 3493 enimus
250 3439 361 3511 caligant
380 3456 433 3489 non
451 3436 584 3490 contentus
596 3448 643 3500 est,
695 3433 808 3485 derint.»
822 3434 855 3485 Et
863 3434 933 3487 addit
941 3436 1140 3509 elegentissime:
1151 3440 1210 3491 «Vi-

127 3517 228 3570 inridet
236 3516 268 3569 iis
277 3518 321 3586 qui
329 3516 435 3568 omnino
443 3515 503 3569 taeei
512 3513 646 3568 snnttnisi
695 3511 754 3564 deas
774 3531 834 3584 ergo
852 3512 912 3565 tales
929 3534 998 3577 nevo
1017 3535 1109 3589 genere
1126 3515 1208 3569 adbuc

128 3599 213 3649 forsan
226 3614 315 3649 sensus
330 3596 363 3648 sit
373 3612 379 3646 t
391 3608 459 3648 amat
470 3612 528 3665 que
540 3594 645 3647 obscure
694 3592 808 3663 jejunos,
822 3591 909 3664 etjam
925 3590 1023 3658 ebrios,
1040 3613 1092 3645 non
1109 3594 1141 3644 nd
1158 3614 1210 3667 po-

127 3686 194 3728 sunt.
693 3670 781 3743 pinam
789 3683 928 3732 currentes,
941 3671 986 3721 sed
995 3671 1114 3744 popinam
1122 3690 1209 3723 secum

161 3754 185 3805 3.
201 3750 259 3824 Qui
271 3754 353 3815 jejuni
365 3753 462 3803 menne.
477 3754 569 3803 Noster
580 3750 646 3822 Epi·
695 3749 898 3800 circumferentes
910 3765 916 3797 :
928 3769 1035 3817 quornm
1055 3749 1078 3800 si
1096 3749 1209 3818 quisquis

128 3832 184 3886 stol.
195 3846 330 3895 cxxxvlii,
347 3834 375 3883 15
385 3832 502 3899 ,jejunos
510 3832 646 3882 wireitbres
694 3824 798 3891 salutat,
813 3846 865 3877 non
877 3825 989 3878 osculum
1002 3825 1059 3889 dat,
1070 3827 1114 3878 sed
1132 3846 1210 3897 pope-

129 3922 214 3976 voeat,
232 3909 277 3963 ubi
293 3912 325 3962 ef.
343 3924 395 3962 not.
414 3908 645 3980 Ruth-“Dignus
696 3916 772 3957 nat.»
786 3903 860 3972 Lips.

129 3988 239 4042 adscribi
256 3988 395 4041 Nuntieni
406 3986 476 4041 locus
486 4024 493 4051 ,
504 3990 548 4057 qni
562 3999 586 4039 et
600 4006 645 4040 sno
728 3986 752 4048 4.
764 3983 942 4053 Distrrbgnnt.
953 3982 1108 4055 strigilibus,
1117 3984 1210 4053 quibus

129 4086 183 4121 uve
196 4066 303 4121 detruse
313 4065 441 4130 ostendit,
452 4065 479 4117 in
491 4063 604 4139 Epistola
615 4064 647 4115 de
696 4063 783 4114 sordes
796 4075 820 4113 et
835 4062 954 4114 sudorem
967 4063 1120 4131 defricabant
1129 4079 1154 4117 et
1163 4066 1211 4125 lin·

129 4144 189 4198 cibit
207 4143 325 4199 'udaieis
343 4163 349 4197 :
368 4146 450 4197 «Nec
467 4144 577 4209 desunt,
604 4142 648 4213 qui
699 4142 745 4194 teis
768 4141 860 4193 deinde
889 4140 1027 4214 tergebam.
1056 4141 1152 4196 Graecis
1177 4154 1213 4194 est

128 4220 649 4293 quemsibicbristienivnceminduerint,
701 4219 939 4288 &reticebanlaips
