2950 4934
203 459 450 529 PHYSIOL.
476 459 726 529 STOICOR.
753 458 855 529 LIB.
882 461 955 529 111.
1052 464 1119 559 637

52 617 76 665 et
90 617 189 665 rector.
206 602 384 685 Mancipium
398 616 464 679 est,
477 605 618 685 inquam,
633 624 699 686 pam
713 604 801 665 altera
817 628 825 665 ι
841 617 869 665 et
883 604 968 667 bomo
983 626 1116 692 quoque,

51 712 131 790 siquis
152 732 215 770 eam
239 711 317 770 colit.
344 710 487 791 Diogenes
510 710 559 769 ille
575 711 661 770 Canis
680 712 830 771 scitissime
849 711 938 786 obm,
957 733 1045 794 quum
1061 714 1119 773 eli-

50 817 174 896 quando,
189 844 204 869 ιι
215 816 298 876 Heus
308 812 317 875 l
328 815 479 891 tamnes,
496 812 611 877 adeste!
626 843 641 869 ι
657 817 797 877 dixisset:
812 829 841 877 et
856 840 1011 879 concursus
1025 818 1117 881 saenis

50 935 135 995 esset,
152 923 254 983 baculo
268 924 364 1006 abegit
385 945 504 997 omnes,
520 922 654 983 addens:
671 950 685 977 ιι
698 924 837 984 Homines
860 925 938 984 enim
956 925 1115 1001 advocavi,

49 1052 102 1088 uon
115 1042 302 1112 purgamenta
315 1056 329 1083 n
343 1073 352 1103 ,
369 1051 427 1088 non
443 1028 502 1115 bec
515 1031 668 1112 mancipia.
687 1030 757 1089 Pars
770 1032 819 1089 illa
836 1043 900 1105 est,
915 1052 981 1112 que
990 1034 1115 1107 eminet,

48 1157 105 1216 que
114 1138 175 1195 sola
189 1137 225 1196 ab
235 1136 428 1196 animantibus
437 1136 586 1217 brutisque
597 1136 756 1219 distinguit.
772 1136 844 1196 Nam
857 1164 871 1191 ι
886 1158 1005 1219 corpore
1021 1139 1117 1229 valet?

48 1255 73 1301 et
85 1244 203 1314 leones;
219 1243 357 1303 formosus
374 1242 440 1301 esti
456 1255 485 1301 et
497 1262 624 1323 pavones
637 1266 645 1313 ;
662 1244 747 1302 velox
762 1243 824 1303 est?
844 1255 873 1303 et
894 1246 960 1326 equi
976 1269 986 1303 ι
1004 1257 1036 1305 ut
1057 1268 1117 1306 non

47 1349 155 1423 dicam,
171 1353 203 1410 in
216 1350 261 1409 his
281 1335 414 1409 omnibus
428 1349 561 1408 vincitur.
582 1376 596 1402 ιι
613 1347 714 1431 (Seu.)
728 1350 828 1411 Unum
850 1372 917 1433 ergo
939 1351 1072 1411 Hominis
1089 1365 1119 1412 et

46 1458 187 1537 proprium
203 1458 333 1529 bonum,
357 1456 442 1517 Ratio
464 1478 473 1513 z
490 1476 552 1536 quae
568 1455 734 1530 noscendi,
752 1468 780 1517 et
795 1457 914 1518 colenda
936 1471 989 1518 est.
1016 1458 1117 1540 Neque

46 1563 135 1637 enim,
152 1574 185 1621 ut
198 1562 370 1623 Homericus
384 1562 433 1621 ille
445 1561 574 1621 Laertius
586 1606 594 1635 ,
606 1562 739 1638 hornam,
756 1584 854 1647 agros,
871 1562 1007 1641 domum,
1023 1568 1118 1627 omnis

45 1671 177 1743 curabat,
194 1690 225 1728 se
239 1670 369 1751 neglecto
386 1693 394 1727 ι
411 1670 453 1728 sic
468 1690 520 1728 nos
544 1682 655 1750 oportet
678 1670 789 1751 corpori
814 1683 842 1730 et
864 1672 988 1731 externis
1002 1674 1118 1731 manci-

43 1776 100 1854 pari
113 1819 121 1848 ,
135 1776 225 1834 animi
241 1796 368 1863 securos.
387 1774 480 1833 lmmc
493 1795 562 1834 vero
579 1772 621 1835 Te
635 1797 726 1835 nosce.
738 1773 776 1834 Et
789 1777 926 1836 nimirum
943 1802 957 1829 a
970 1775 1044 1836 banc
1057 1778 1116 1837 vim

43 1878 124 1940 babet
139 1892 313 1963 praeceptum
324 1880 482 1963 Apollinis,
495 1882 536 1939 ait
544 1881 644 1941 Cicero
654 1879 691 1963 (1
704 1882 791 1941 Tisse.
806 1879 870 1963 22),
882 1904 939 1962 quo
952 1894 1050 1944 monet
1062 1927 1071 1958 ,
1084 1897 1117 1943 ut

42 2008 69 2045 se
83 1989 204 2069 quisque
217 1999 331 2080 noscat.
355 1987 420 2047 Nou
441 1987 518 2047 enim
534 1987 565 2047 id
578 1990 724 2069 praecipit,
739 2001 773 2048 ut
786 1988 914 2051 membra
931 2000 1045 2064 nostra,
1068 2003 1117 2050 aut

41 2106 173 2155 staturam
186 2096 344 2177 figuramve
359 2116 533 2155 noscamuse
553 2116 647 2177 neque
666 2117 719 2156 nos
741 2116 860 2177 corpora
881 2117 980 2157 sumus
996 2120 1004 2155 ι
1021 2118 1116 2179 neque

41 2220 91 2281 ego
104 2201 158 2259 tibi
172 2201 269 2262 dicens
283 2200 338 2261 boc
351 2202 464 2281 corpori
475 2212 526 2259 tuo
540 2201 606 2261 dico
620 2225 628 2271 3
643 2222 733 2282 quum
748 2202 844 2283 igitur,
861 2200 953 2262 Nosce
967 2214 1016 2275 te,
1034 2202 1114 2276 dicit,

41 2303 91 2366 boc
106 2308 192 2381 dicit,
208 2308 299 2367 Nosce
313 2309 442 2367 animum
456 2320 535 2367 tuum
547 2331 554 2378 ;
566 2330 633 2368 nam
645 2330 749 2391 corpus
765 2307 881 2388 quidem
896 2310 978 2390 quasi
992 2330 1042 2370 vas
1053 2322 1113 2385 cst,

41 2426 86 2472 aut
99 2414 216 2495 aliquod
229 2415 317 2475 animi
325 2415 538 2495 receptaculum
554 2439 562 2473 ε
578 2416 615 2473 ab
630 2417 726 2475 animo
741 2428 791 2475 tuo
805 2414 948 2497 quidquid
959 2417 1067 2498 agitem,
1083 2418 1114 2477 id

40 2522 132 2602 agitur
142 2543 160 2581 a
170 2534 208 2581 te.
215 2548 229 2575 ι
239 2522 374 2596 Attende,
385 2534 414 2581 ct
424 2521 480 2581 sae.
490 2520 547 2581 Sed
553 2522 708 2603 quomodo,
715 2524 959 2604 inquies,noscem
971 2524 1115 2583 animum?

39 2628 117 2689 illum
132 2630 294 2701 occultum,
312 2630 394 2689 illurn
407 2628 537 2687 sensibus
550 2627 741 2688 subductum?
756 2628 823 2709 Ipso
834 2630 941 2688 animo.
957 2628 1036 2688 Sicut
1045 2652 1115 2689 ocu-

37 2732 96 2793 lum
112 2758 172 2794 non
188 2735 244 2793 nisi
261 2734 361 2793 oculus
377 2734 473 2806 videt,
489 2732 586 2793 sedin
603 2734 719 2813 speculo
736 2756 744 2791 ι
761 2735 802 2793 sic
817 2755 880 2793 sese
895 2735 1026 2809 animus,
1043 2758 1116 2816 quo·

38 2839 103 2899 dam
127 2840 247 2901 reflexu.
274 2840 309 2899 ln
332 2860 363 2899 se
383 2840 469 2921 igitur
489 2840 634 2899 intueatur
653 2863 661 2897 ι
681 2865 695 2891 α
709 2850 739 2897 et
757 2840 902 2915 maxime,
921 2841 1015 2922 inquit
1037 2841 1118 2901 Plato

36 2943 49 3026 (
58 2946 71 3006 l
84 2944 276 3028 Alcibiade),
296 2945 338 3008 in.
348 2966 414 3005 eum
434 2946 548 3018 locum,
570 2946 600 3003 iu
627 2967 684 3026 quo
701 2945 778 3005 inest
804 2946 893 3007 virtus
916 2947 1031 3020 Animi,
1059 2946 1116 3007 Sa-

36 3053 185 3132 pientia.»
209 3052 237 3111 Is
252 3052 331 3111 locus
346 3064 405 3124 est,
422 3050 508 3112 Mens
522 3051 583 3109 sive
598 3050 683 3109 Ratio
695 3074 704 3109 ι
717 3063 747 3110 et
761 3052 849 3131 queri
863 3052 922 3113 illic
938 3051 1113 3135 Sapientiam

34 3160 114 3233 mult,
131 3171 218 3240 atque
234 3158 358 3217 inveniri
374 3180 382 3215 ε
399 3156 590 3238 Sapientiam,
607 3154 639 3214 id
653 3166 712 3227 est,
725 3155 881 3217 Virtutem.
899 3156 972 3215 Nam
987 3158 1116 3217 animum
1236 3161 1240 3168 ’

35 3269 84 3345 qui
100 3267 193 3327 adibit
211 3277 241 3324 et
261 3263 409 3336 consulet,
428 3259 536 3322 videbit
558 3273 588 3319 et
607 3260 697 3321 discet
718 3287 732 3315 s
747 3262 857 3342 aliquid
872 3284 903 3321 se
916 3262 1022 3323 habere
1038 3249 1117 3325 divi-

34 3395 121 3445 uum,
137 3370 347 3452 ingeniumque
360 3370 391 3427 in
406 3389 437 3427 se
451 3389 552 3441 suum,
567 3367 641 3426 sicut
651 3367 835 3427 simulacrum
847 3368 979 3449 aliquod,
996 3369 1117 3430 dedica-

34 3489 96 3537 tum
111 3477 228 3559 putabit
242 3499 250 3534 ι
266 3486 403 3555 tantoque
422 3494 542 3533 munere
563 3472 683 3531 deorum
697 3494 812 3553 semper
827 3472 946 3557 dignum
963 3473 1073 3557 aliquid
1088 3489 1117 3537 et

33 3582 142 3657 saciet,
159 3594 188 3642 et
200 3583 313 3641 sentiet.
329 3606 343 3632 ιι
359 3576 449 3661 (cie.)
461 3578 563 3659 ltaque
578 3578 615 3637 eb
629 3577 682 3637 hac
697 3578 818 3653 notitia,
841 3592 1021 3662 contemptus
1044 3582 1116 3641 alia-

32 3713 100 3751 rurn
117 3712 235 3762 rerum,
254 3687 402 3747 estimatio
425 3686 511 3744 unius
531 3685 654 3745 Virtutis
675 3698 835 3767 sequetur:
852 3686 889 3746 ad
909 3708 995 3767 quam
1009 3686 1117 3749 sacmm

31 3820 64 3857 se
80 3799 174 3869 sciet,
189 3816 337 3878 perquam
347 3794 463 3853 beatum
476 3812 508 3850 se
522 3790 584 3850 iore
596 3790 747 3869 judicabit.
764 3792 897 3872 Denique
911 3793 949 3852 ad
960 3794 1053 3854 Deum
1065 3818 1118 3877 per

30 3904 110 3963 banc
129 3902 183 3961 ibit
197 3925 205 3959 ι
220 3914 253 3960 ut
266 3899 387 3981 pulchre
400 3899 556 3980 Agapenus
571 3892 629 3978 (Ad
645 3895 852 3978 Justinianum)
869 3922 877 3957 ι
897 3925 910 3951 u
924 3898 998 3959 Nam
1018 3902 1069 3981 qui
1086 3923 1119 3961 se

31 4011 137 4083 novit,
154 4007 249 4068 Deum
272 4018 393 4065 noscet:
409 4005 504 4065 Deum
522 4025 660 4079 noscens,
679 4004 740 4063 Deo
757 4004 982 4066 assimilabitur:
1001 4008 1118 4067 assimi-

30 4116 154 4188 labitur,
168 4114 219 4194 qui
240 4112 303 4172 Deo
318 4112 422 4194 dignus
437 4112 507 4183 erit,
519 4110 624 4193 dignus
639 4111 710 4184 erit,
726 4112 777 4192 qui
792 4110 864 4170 nihil
887 4111 949 4171 Deo
963 4113 1116 4196 indignum

30 4222 180 4295 admittit,
196 4219 247 4280 sed
260 4220 365 4301 cogitat
379 4240 441 4301 qua·
455 4216 511 4276 Dei
523 4228 607 4291 sunt,
624 4228 653 4276 et
667 4238 729 4297 quae
741 4217 845 4300 cogitat
858 4218 995 4301 loquitur,
1012 4232 1042 4281 ct
1055 4242 1118 4301 quse
