<?xml version="1.0" encoding="UTF-8"?>
<!DOCTYPE html PUBLIC "-//W3C//DTD XHTML 1.0 Transitional//EN"
    "http://www.w3.org/TR/xhtml1/DTD/xhtml1-transitional.dtd">
<html xmlns="http://www.w3.org/1999/xhtml" xml:lang="en" lang="en">
 <head>
  <title>
</title>
<meta http-equiv="Content-Type" content="text/html;charset=utf-8" />
  <meta name='ocr-system' content='tesseract 3.04.00' />
  <meta name='ocr-capabilities' content='ocr_page ocr_carea ocr_par ocr_line ocrx_word'/>
</head>
<body>
  <div class='ocr_page' id='page_1' title='image "./lannsenecparspr04bouigoog_0086.png"; bbox 0 0 2950 4934; ppageno 0'>
   <div class='ocr_carea' id='block_1_1' title="bbox 339 502 1160 599">
    <p class='ocr_par' dir='ltr' id='par_1_1' title="bbox 339 502 1160 599">
     <span class='ocr_line' id='line_1_1' title="bbox 339 502 1160 599; baseline 0.007 -33"><span class='ocrx_word' id='word_1_1' title='bbox 339 505 381 599; x_wconf 71' lang='lat'>74</span> <span class='ocrx_word' id='word_1_2' title='bbox 624 503 664 571; x_wconf 76' lang='lat' dir='ltr'>s.</span> <span class='ocrx_word' id='word_1_3' title='bbox 691 502 873 573; x_wconf 73' lang='lat' dir='ltr'>suuni</span> <span class='ocrx_word' id='word_1_4' title='bbox 897 505 1116 576; x_wconf 75' lang='lat' dir='ltr'>sennen</span> <span class='ocrx_word' id='word_1_5' title='bbox 1157 565 1160 572; x_wconf 87' lang='lat'>.</span> 
     </span>
    </p>
   </div>
   <div class='ocr_carea' id='block_1_2' title="bbox 335 626 1422 2706">
    <p class='ocr_par' dir='ltr' id='par_1_2' title="bbox 335 626 1417 1709">
     <span class='ocr_line' id='line_1_2' title="bbox 336 626 1413 707; baseline 0.004 -27"><span class='ocrx_word' id='word_1_6' title='bbox 336 639 419 682; x_wconf 74' lang='lat' dir='ltr'>sermo</span> <span class='ocrx_word' id='word_1_7' title='bbox 431 638 509 680; x_wconf 71' lang='lat' dir='ltr'>est-</span> <span class='ocrx_word' id='word_1_8' title='bbox 518 647 556 680; x_wconf 84' lang='lat' dir='ltr'>so.</span> <span class='ocrx_word' id='word_1_9' title='bbox 567 626 635 680; x_wconf 82' lang='lat' dir='ltr'>&#39;l’nm</span> <span class='ocrx_word' id='word_1_10' title='bbox 645 627 834 698; x_wconf 74' lang='lat' dir='ltr'>neomeniissts</span> <span class='ocrx_word' id='word_1_11' title='bbox 841 627 936 703; x_wconf 64' lang='lat' dir='ltr'>tegnlis</span> <span class='ocrx_word' id='word_1_12' title='bbox 944 629 1077 707; x_wconf 65' lang='lat' dir='ltr'>indigent,</span> <span class='ocrx_word' id='word_1_13' title='bbox 1088 629 1226 688; x_wconf 76' lang='lat' dir='ltr'>etobsrrsrr</span> <span class='ocrx_word' id='word_1_14' title='bbox 1238 631 1413 704; x_wconf 61' lang='lat' dir='ltr'>snbigosqne</span> 
     </span>
     <span class='ocr_line' id='line_1_3' title="bbox 336 711 1415 790; baseline 0.003 -25"><span class='ocrx_word' id='word_1_15' title='bbox 336 711 526 788; x_wconf 70' lang='lat' dir='ltr'>probationibus</span> <span class='ocrx_word' id='word_1_16' title='bbox 537 712 651 782; x_wconf 72' lang='lat' dir='ltr'>adjuturi</span> <span class='ocrx_word' id='word_1_17' title='bbox 661 712 755 766; x_wconf 89' lang='lat' dir='ltr'>debent</span> <span class='ocrx_word' id='word_1_18' title='bbox 766 733 774 767; x_wconf 77' lang='grc' dir='ltr'><em>τ</em></span> <span class='ocrx_word' id='word_1_19' title='bbox 785 713 869 784; x_wconf 83' lang='lat' dir='ltr'>itsque</span> <span class='ocrx_word' id='word_1_20' title='bbox 881 713 925 766; x_wconf 90' lang='lat' dir='ltr'>ills</span> <span class='ocrx_word' id='word_1_21' title='bbox 936 752 943 779; x_wconf 87' lang='lat'>,</span> <span class='ocrx_word' id='word_1_22' title='bbox 955 735 1000 787; x_wconf 90' lang='lat' dir='ltr'>per</span> <span class='ocrx_word' id='word_1_23' title='bbox 1009 734 1065 784; x_wconf 83' lang='lat' dir='ltr'>quse</span> <span class='ocrx_word' id='word_1_24' title='bbox 1077 715 1182 788; x_wconf 78' lang='lat' dir='ltr'>probes,</span> <span class='ocrx_word' id='word_1_25' title='bbox 1192 716 1250 769; x_wconf 79' lang='lat' dir='ltr'>setis</span> <span class='ocrx_word' id='word_1_26' title='bbox 1260 737 1340 790; x_wconf 87' lang='lat' dir='ltr'>perse</span> <span class='ocrx_word' id='word_1_27' title='bbox 1352 731 1415 770; x_wconf 90' lang='lat' dir='ltr'>sunt</span> 
     </span>
     <span class='ocr_line' id='line_1_4' title="bbox 335 796 1414 873; baseline 0.006 -23"><span class='ocrx_word' id='word_1_28' title='bbox 335 799 416 851; x_wconf 82' lang='lat'>-13.</span> <span class='ocrx_word' id='word_1_29' title='bbox 430 797 525 852; x_wconf 76' lang='lat' dir='ltr'>Adhne</span> <span class='ocrx_word' id='word_1_30' title='bbox 537 810 610 870; x_wconf 81' lang='lat' dir='ltr'>ceput</span> <span class='ocrx_word' id='word_1_31' title='bbox 619 796 734 851; x_wconf 86' lang='lat' dir='ltr'>omniurn</span> <span class='ocrx_word' id='word_1_32' title='bbox 748 816 862 854; x_wconf 84' lang='lat' dir='ltr'>errorum</span> <span class='ocrx_word' id='word_1_33' title='bbox 875 800 958 873; x_wconf 75' lang='lat' dir='ltr'>pravis</span> <span class='ocrx_word' id='word_1_34' title='bbox 969 799 1133 873; x_wconf 67' lang='lat' dir='ltr'>opinionibus</span> <span class='ocrx_word' id='word_1_35' title='bbox 1144 813 1169 854; x_wconf 92' lang='lat' dir='ltr'>et</span> <span class='ocrx_word' id='word_1_36' title='bbox 1180 801 1333 873; x_wconf 62' lang='lat' dir='ltr'>prejudiciis</span> <span class='ocrx_word' id='word_1_37' title='bbox 1347 823 1414 857; x_wconf 87' lang='lat' dir='ltr'>con·</span> 
     </span>
     <span class='ocr_line' id='line_1_5' title="bbox 336 881 1415 958; baseline 0.005 -22"><span class='ocrx_word' id='word_1_38' title='bbox 336 884 430 937; x_wconf 87' lang='lat' dir='ltr'>tisetnr</span> <span class='ocrx_word' id='word_1_39' title='bbox 442 897 518 954; x_wconf 73' lang='lat' dir='ltr'>:qun</span> <span class='ocrx_word' id='word_1_40' title='bbox 530 881 633 935; x_wconf 83' lang='lat' dir='ltr'>nonnisi</span> <span class='ocrx_word' id='word_1_41' title='bbox 648 881 786 936; x_wconf 64' lang='lat' dir='ltr'>uuisusnli</span> <span class='ocrx_word' id='word_1_42' title='bbox 801 882 893 937; x_wconf 84' lang='lat' dir='ltr'>Etbies</span> <span class='ocrx_word' id='word_1_43' title='bbox 910 884 1074 957; x_wconf 71' lang='lat' dir='ltr'>corrigamur</span> <span class='ocrx_word' id='word_1_44' title='bbox 1084 911 1118 927; x_wconf 90' lang='lat'>·-</span> <span class='ocrx_word' id='word_1_45' title='bbox 1133 884 1171 951; x_wconf 69' lang='lat' dir='ltr'>sd.</span> <span class='ocrx_word' id='word_1_46' title='bbox 1181 885 1305 958; x_wconf 81' lang='lat' dir='ltr'>Denique</span> <span class='ocrx_word' id='word_1_47' title='bbox 1317 887 1415 941; x_wconf 79' lang='lat' dir='ltr'>Etlsies</span> 
     </span>
     <span class='ocr_line' id='line_1_6' title="bbox 336 964 1416 1040; baseline 0.001 -18"><span class='ocrx_word' id='word_1_48' title='bbox 336 967 450 1040; x_wconf 83' lang='lat' dir='ltr'>speeislis</span> <span class='ocrx_word' id='word_1_49' title='bbox 461 964 714 1037; x_wconf 74' lang='lat' dir='ltr'>incomprehensibile</span> <span class='ocrx_word' id='word_1_50' title='bbox 727 986 791 1040; x_wconf 82' lang='lat' dir='ltr'>opus</span> <span class='ocrx_word' id='word_1_51' title='bbox 803 979 857 1034; x_wconf 83' lang='lat' dir='ltr'>est,</span> <span class='ocrx_word' id='word_1_52' title='bbox 867 987 947 1040; x_wconf 81' lang='lat' dir='ltr'>quum</span> <span class='ocrx_word' id='word_1_53' title='bbox 957 967 1102 1024; x_wconf 80' lang='lat' dir='ltr'>ollieiorum</span> <span class='ocrx_word' id='word_1_54' title='bbox 1112 969 1220 1025; x_wconf 76' lang='lat' dir='ltr'>ebibitus</span> <span class='ocrx_word' id='word_1_55' title='bbox 1228 968 1371 1024; x_wconf 85' lang='lat' dir='ltr'>immensus</span> <span class='ocrx_word' id='word_1_56' title='bbox 1380 971 1416 1024; x_wconf 87' lang='lat' dir='ltr'>sit</span> 
     </span>
     <span class='ocr_line' id='line_1_7' title="bbox 336 1049 1416 1126; baseline 0.004 -24"><span class='ocrx_word' id='word_1_57' title='bbox 336 1077 370 1091; x_wconf 92' lang='lat'>-</span> <span class='ocrx_word' id='word_1_58' title='bbox 382 1070 418 1116; x_wconf 88' lang='lat'>¹7·</span> <span class='ocrx_word' id='word_1_59' title='bbox 429 1049 477 1102; x_wconf 82' lang='lat' dir='ltr'>llis</span> <span class='ocrx_word' id='word_1_60' title='bbox 487 1049 622 1126; x_wconf 76' lang='lat' dir='ltr'>respondet</span> <span class='ocrx_word' id='word_1_61' title='bbox 634 1051 731 1126; x_wconf 76' lang='lat' dir='ltr'>Senees</span> <span class='ocrx_word' id='word_1_62' title='bbox 744 1071 750 1104; x_wconf 93' lang='lat'>:</span> <span class='ocrx_word' id='word_1_63' title='bbox 760 1051 877 1104; x_wconf 86' lang='lat' dir='ltr'>Primum</span> <span class='ocrx_word' id='word_1_64' title='bbox 889 1071 941 1105; x_wconf 88' lang='lat' dir='ltr'>non</span> <span class='ocrx_word' id='word_1_65' title='bbox 953 1053 1092 1119; x_wconf 74' lang='lat' dir='ltr'>essentis,</span> <span class='ocrx_word' id='word_1_66' title='bbox 1109 1053 1306 1126; x_wconf 73' lang='lat' dir='ltr'>impedimenta,</span> <span class='ocrx_word' id='word_1_67' title='bbox 1316 1073 1416 1107; x_wconf 89' lang='lat' dir='ltr'>errores</span> 
     </span>
     <span class='ocr_line' id='line_1_8' title="bbox 337 1131 1417 1202; baseline 0.003 -16"><span class='ocrx_word' id='word_1_68' title='bbox 337 1133 382 1187; x_wconf 93' lang='lat' dir='ltr'>rel.</span> <span class='ocrx_word' id='word_1_69' title='bbox 391 1131 529 1198; x_wconf 74' lang='lat' dir='ltr'>amorim,</span> <span class='ocrx_word' id='word_1_70' title='bbox 543 1133 592 1186; x_wconf 89' lang='lat' dir='ltr'>nisi</span> <span class='ocrx_word' id='word_1_71' title='bbox 604 1145 628 1185; x_wconf 86' lang='lat' dir='ltr'>et</span> <span class='ocrx_word' id='word_1_72' title='bbox 636 1135 721 1187; x_wconf 81' lang='lat' dir='ltr'>stetim</span> <span class='ocrx_word' id='word_1_73' title='bbox 730 1147 822 1188; x_wconf 83' lang='lat' dir='ltr'>rectem</span> <span class='ocrx_word' id='word_1_74' title='bbox 834 1133 902 1188; x_wconf 83' lang='lat' dir='ltr'>viem</span> <span class='ocrx_word' id='word_1_75' title='bbox 914 1135 1091 1188; x_wconf 67' lang='lat' dir='ltr'>monstraveris</span> <span class='ocrx_word' id='word_1_76' title='bbox 1099 1131 1133 1180; x_wconf 62' lang='lat'>3·-</span> <span class='ocrx_word' id='word_1_77' title='bbox 1141 1138 1181 1202; x_wconf 70' lang='lat'>²4·</span> <span class='ocrx_word' id='word_1_78' title='bbox 1193 1134 1295 1189; x_wconf 83' lang='lat' dir='ltr'>Deinde</span> <span class='ocrx_word' id='word_1_79' title='bbox 1305 1157 1361 1189; x_wconf 88' lang='lat' dir='ltr'>non</span> <span class='ocrx_word' id='word_1_80' title='bbox 1371 1156 1417 1189; x_wconf 89' lang='lat' dir='ltr'>so-</span> 
     </span>
     <span class='ocr_line' id='line_1_9' title="bbox 337 1217 1414 1296; baseline 0.003 -25"><span class='ocrx_word' id='word_1_81' title='bbox 337 1219 391 1272; x_wconf 88' lang='lat' dir='ltr'>lnm</span> <span class='ocrx_word' id='word_1_82' title='bbox 407 1218 498 1273; x_wconf 83' lang='lat' dir='ltr'>docere</span> <span class='ocrx_word' id='word_1_83' title='bbox 508 1231 544 1270; x_wconf 85' lang='lat' dir='ltr'>est</span> <span class='ocrx_word' id='word_1_84' title='bbox 559 1217 714 1290; x_wconf 82' lang='lat' dir='ltr'>propositum</span> <span class='ocrx_word' id='word_1_85' title='bbox 728 1218 840 1290; x_wconf 77' lang='lat' dir='ltr'>regulis,</span> <span class='ocrx_word' id='word_1_86' title='bbox 852 1219 897 1272; x_wconf 92' lang='lat' dir='ltr'>sed</span> <span class='ocrx_word' id='word_1_87' title='bbox 911 1233 940 1272; x_wconf 84' lang='lat' dir='ltr'>nt</span> <span class='ocrx_word' id='word_1_88' title='bbox 948 1237 1006 1292; x_wconf 72' lang='lat' dir='ltr'>qun</span> <span class='ocrx_word' id='word_1_89' title='bbox 1018 1219 1069 1290; x_wconf 72' lang='lat' dir='ltr'>jem</span> <span class='ocrx_word' id='word_1_90' title='bbox 1080 1219 1199 1296; x_wconf 81' lang='lat' dir='ltr'>didiceris</span> <span class='ocrx_word' id='word_1_91' title='bbox 1208 1258 1216 1284; x_wconf 86' lang='grc'>,</span> <span class='ocrx_word' id='word_1_92' title='bbox 1225 1221 1414 1274; x_wconf 79' lang='lat' dir='ltr'>reminisosris.</span> 
     </span>
     <span class='ocr_line' id='line_1_10' title="bbox 336 1301 1416 1376; baseline 0.002 -22"><span class='ocrx_word' id='word_1_93' title='bbox 336 1301 459 1376; x_wconf 63' lang='lat' dir='ltr'>Regulo,</span> <span class='ocrx_word' id='word_1_94' title='bbox 471 1318 529 1374; x_wconf 80' lang='lat' dir='ltr'>quse</span> <span class='ocrx_word' id='word_1_95' title='bbox 538 1303 647 1354; x_wconf 77' lang='lat' dir='ltr'>formam</span> <span class='ocrx_word' id='word_1_96' title='bbox 656 1301 840 1356; x_wconf 80' lang='lat' dir='ltr'>sententiarum</span> <span class='ocrx_word' id='word_1_97' title='bbox 851 1302 979 1370; x_wconf 81' lang='lat' dir='ltr'>induunt,</span> <span class='ocrx_word' id='word_1_98' title='bbox 992 1317 1036 1358; x_wconf 90' lang='lat' dir='ltr'>sut</span> <span class='ocrx_word' id='word_1_99' title='bbox 1047 1305 1153 1357; x_wconf 79' lang='lat' dir='ltr'>termini</span> <span class='ocrx_word' id='word_1_100' title='bbox 1165 1304 1258 1356; x_wconf 78' lang='lat' dir='ltr'>intents</span> <span class='ocrx_word' id='word_1_101' title='bbox 1267 1315 1346 1372; x_wconf 84' lang='lat' dir='ltr'>sunt,</span> <span class='ocrx_word' id='word_1_102' title='bbox 1363 1303 1416 1356; x_wconf 85' lang='lat' dir='ltr'>boe</span> 
     </span>
     <span class='ocr_line' id='line_1_11' title="bbox 336 1386 1413 1460; baseline 0.002 -22"><span class='ocrx_word' id='word_1_103' title='bbox 336 1399 513 1457; x_wconf 71' lang='lat' dir='ltr'>mequnnmr:</span> <span class='ocrx_word' id='word_1_104' title='bbox 522 1386 752 1440; x_wconf 76' lang='lat' dir='ltr'>excitentsuirnum</span> <span class='ocrx_word' id='word_1_105' title='bbox 761 1418 794 1428; x_wconf 99' lang='lat'>-</span> <span class='ocrx_word' id='word_1_106' title='bbox 802 1388 843 1440; x_wconf 82' lang='lat'>31.</span> <span class='ocrx_word' id='word_1_107' title='bbox 851 1387 918 1440; x_wconf 85' lang='lat' dir='ltr'>Turn</span> <span class='ocrx_word' id='word_1_108' title='bbox 929 1387 1024 1460; x_wconf 73' lang='lat' dir='ltr'>regulos</span> <span class='ocrx_word' id='word_1_109' title='bbox 1036 1387 1155 1460; x_wconf 73' lang='lat' dir='ltr'>speciales</span> <span class='ocrx_word' id='word_1_110' title='bbox 1166 1387 1282 1438; x_wconf 77' lang='lat' dir='ltr'>inimum</span> <span class='ocrx_word' id='word_1_111' title='bbox 1293 1398 1413 1440; x_wconf 83' lang='lat' dir='ltr'>nostrum</span> 
     </span>
     <span class='ocr_line' id='line_1_12' title="bbox 338 1468 1414 1545; baseline -0.001 -23"><span class='ocrx_word' id='word_1_112' title='bbox 338 1469 554 1541; x_wconf 76' lang='lat' dir='ltr'>espergdlseitsnt,</span> <span class='ocrx_word' id='word_1_113' title='bbox 569 1481 593 1522; x_wconf 90' lang='lat' dir='ltr'>et</span> <span class='ocrx_word' id='word_1_114' title='bbox 605 1470 718 1526; x_wconf 82' lang='lat' dir='ltr'>indolem</span> <span class='ocrx_word' id='word_1_115' title='bbox 729 1471 869 1524; x_wconf 80' lang='lat' dir='ltr'>neturslenr</span> <span class='ocrx_word' id='word_1_116' title='bbox 879 1471 1014 1545; x_wconf 80' lang='lat' dir='ltr'>impelleres</span> <span class='ocrx_word' id='word_1_117' title='bbox 1024 1471 1188 1543; x_wconf 70' lang='lat' dir='ltr'>diriguntque</span> <span class='ocrx_word' id='word_1_118' title='bbox 1200 1468 1234 1522; x_wconf 85' lang='lat' dir='ltr'>sd</span> <span class='ocrx_word' id='word_1_119' title='bbox 1245 1487 1290 1536; x_wconf 84' lang='lat' dir='ltr'>es,</span> <span class='ocrx_word' id='word_1_120' title='bbox 1303 1487 1379 1539; x_wconf 66' lang='lat' dir='ltr'>qun,</span> <span class='ocrx_word' id='word_1_121' title='bbox 1390 1469 1414 1521; x_wconf 92' lang='lat' dir='ltr'>si</span> 
     </span>
     <span class='ocr_line' id='line_1_13' title="bbox 337 1553 1417 1624; baseline 0.002 -18"><span class='ocrx_word' id='word_1_122' title='bbox 337 1556 401 1606; x_wconf 86' lang='lat' dir='ltr'>l&#39;orte</span> <span class='ocrx_word' id='word_1_123' title='bbox 414 1553 528 1606; x_wconf 79' lang='lat' dir='ltr'>incident</span> <span class='ocrx_word' id='word_1_124' title='bbox 538 1553 653 1624; x_wconf 69' lang='lat' dir='ltr'>quedem</span> <span class='ocrx_word' id='word_1_125' title='bbox 666 1593 672 1618; x_wconf 88' lang='lat'>,</span> <span class='ocrx_word' id='word_1_126' title='bbox 686 1555 805 1608; x_wconf 77' lang='lat' dir='ltr'>faciende</span> <span class='ocrx_word' id='word_1_127' title='bbox 814 1556 866 1609; x_wconf 91' lang='lat' dir='ltr'>sint</span> <span class='ocrx_word' id='word_1_128' title='bbox 878 1583 911 1596; x_wconf 90' lang='lat'>-</span> <span class='ocrx_word' id='word_1_129' title='bbox 923 1556 964 1610; x_wconf 75' lang='lat'>35.</span> <span class='ocrx_word' id='word_1_130' title='bbox 974 1555 1089 1608; x_wconf 77' lang='lat' dir='ltr'>Tindem</span> <span class='ocrx_word' id='word_1_131' title='bbox 1100 1566 1182 1608; x_wconf 88' lang='lat' dir='ltr'>esrtns</span> <span class='ocrx_word' id='word_1_132' title='bbox 1191 1571 1417 1624; x_wconf 67' lang='lat' dir='ltr'>nnmsrnspsoce·</span> 
     </span>
     <span class='ocr_line' id='line_1_14' title="bbox 337 1636 1184 1709; baseline -0.001 -20"><span class='ocrx_word' id='word_1_133' title='bbox 337 1649 436 1708; x_wconf 88' lang='lat' dir='ltr'>ptornm</span> <span class='ocrx_word' id='word_1_134' title='bbox 446 1656 491 1690; x_wconf 85' lang='lat' dir='ltr'>cnr</span> <span class='ocrx_word' id='word_1_135' title='bbox 504 1655 556 1689; x_wconf 88' lang='lat' dir='ltr'>non</span> <span class='ocrx_word' id='word_1_136' title='bbox 568 1655 620 1688; x_wconf 85' lang='lat' dir='ltr'>esse</span> <span class='ocrx_word' id='word_1_137' title='bbox 634 1636 728 1708; x_wconf 84' lang='lat' dir='ltr'>possit,</span> <span class='ocrx_word' id='word_1_138' title='bbox 741 1637 937 1709; x_wconf 72' lang='lat' dir='ltr'>haudquaqusm</span> <span class='ocrx_word' id='word_1_139' title='bbox 951 1637 1046 1690; x_wconf 78' lang='lat' dir='ltr'>olerum</span> <span class='ocrx_word' id='word_1_140' title='bbox 1056 1650 1133 1688; x_wconf 85' lang='lat' dir='ltr'>est·-</span> <span class='ocrx_word' id='word_1_141' title='bbox 1144 1636 1184 1702; x_wconf 79' lang='lat'>³⁷·</span> 
     </span>
    </p>

    <p class='ocr_par' dir='ltr' id='par_1_3' title="bbox 338 1717 1420 2198">
     <span class='ocr_line' id='line_1_15' title="bbox 368 1717 1417 1792; baseline 0 -21"><span class='ocrx_word' id='word_1_142' title='bbox 368 1719 427 1772; x_wconf 80' lang='lat' dir='ltr'>Jsm</span> <span class='ocrx_word' id='word_1_143' title='bbox 438 1739 518 1790; x_wconf 85' lang='lat' dir='ltr'>quum</span> <span class='ocrx_word' id='word_1_144' title='bbox 535 1720 568 1772; x_wconf 86' lang='lat' dir='ltr'>sb</span> <span class='ocrx_word' id='word_1_145' title='bbox 579 1720 696 1774; x_wconf 77' lang='lat' dir='ltr'>Aristone</span> <span class='ocrx_word' id='word_1_146' title='bbox 711 1717 826 1786; x_wconf 82' lang='lat' dir='ltr'>diostnr,</span> <span class='ocrx_word' id='word_1_147' title='bbox 842 1721 929 1792; x_wconf 69' lang='lat' dir='ltr'>legum</span> <span class='ocrx_word' id='word_1_148' title='bbox 939 1733 963 1772; x_wconf 90' lang='lat' dir='ltr'>et</span> <span class='ocrx_word' id='word_1_149' title='bbox 974 1732 1153 1792; x_wconf 67' lang='lat' dir='ltr'>pneeptornm</span> <span class='ocrx_word' id='word_1_150' title='bbox 1166 1719 1284 1777; x_wconf 71' lang='lat' dir='ltr'>undem</span> <span class='ocrx_word' id='word_1_151' title='bbox 1293 1722 1347 1772; x_wconf 79' lang='lat' dir='ltr'>iere</span> <span class='ocrx_word' id='word_1_152' title='bbox 1362 1737 1417 1772; x_wconf 83' lang='lat' dir='ltr'>esse</span> 
     </span>
     <span class='ocr_line' id='line_1_16' title="bbox 338 1798 1419 1872; baseline -0.002 -18"><span class='ocrx_word' id='word_1_153' title='bbox 338 1801 529 1866; x_wconf 79' lang='lat' dir='ltr'>conditionem,</span> <span class='ocrx_word' id='word_1_154' title='bbox 542 1799 602 1853; x_wconf 83' lang='lat' dir='ltr'>huie</span> <span class='ocrx_word' id='word_1_155' title='bbox 612 1798 753 1871; x_wconf 82' lang='lat' dir='ltr'>objectioni</span> <span class='ocrx_word' id='word_1_156' title='bbox 763 1800 798 1852; x_wconf 92' lang='lat' dir='ltr'>its</span> <span class='ocrx_word' id='word_1_157' title='bbox 809 1800 911 1853; x_wconf 83' lang='lat' dir='ltr'>obrisrn</span> <span class='ocrx_word' id='word_1_158' title='bbox 922 1801 958 1866; x_wconf 79' lang='lat' dir='ltr'>it,</span> <span class='ocrx_word' id='word_1_159' title='bbox 970 1813 999 1854; x_wconf 91' lang='lat' dir='ltr'>nt</span> <span class='ocrx_word' id='word_1_160' title='bbox 1012 1801 1096 1867; x_wconf 76' lang='lat' dir='ltr'>diest.</span> <span class='ocrx_word' id='word_1_161' title='bbox 1107 1821 1161 1858; x_wconf 81' lang='lat' dir='ltr'>esse</span> <span class='ocrx_word' id='word_1_162' title='bbox 1172 1801 1276 1872; x_wconf 77' lang='lat' dir='ltr'>quidem</span> <span class='ocrx_word' id='word_1_163' title='bbox 1286 1800 1337 1856; x_wconf 88' lang='lat' dir='ltr'>boe</span> <span class='ocrx_word' id='word_1_164' title='bbox 1346 1819 1419 1854; x_wconf 77' lang='lat' dir='ltr'>eon-</span> 
     </span>
     <span class='ocr_line' id='line_1_17' title="bbox 338 1882 1419 1952; baseline -0.001 -15"><span class='ocrx_word' id='word_1_165' title='bbox 338 1885 496 1946; x_wconf 82' lang='lat' dir='ltr'>cedendum,</span> <span class='ocrx_word' id='word_1_166' title='bbox 512 1883 557 1937; x_wconf 91' lang='lat' dir='ltr'>sed</span> <span class='ocrx_word' id='word_1_167' title='bbox 572 1883 632 1938; x_wconf 91' lang='lat' dir='ltr'>inde</span> <span class='ocrx_word' id='word_1_168' title='bbox 646 1901 700 1935; x_wconf 89' lang='lat' dir='ltr'>non</span> <span class='ocrx_word' id='word_1_169' title='bbox 709 1882 799 1952; x_wconf 81' lang='lat' dir='ltr'>sequi,</span> <span class='ocrx_word' id='word_1_170' title='bbox 816 1903 846 1938; x_wconf 85' lang='lat' dir='ltr'>es</span> <span class='ocrx_word' id='word_1_171' title='bbox 861 1903 913 1937; x_wconf 86' lang='lat' dir='ltr'>esse</span> <span class='ocrx_word' id='word_1_172' title='bbox 926 1884 1035 1940; x_wconf 80' lang='lat' dir='ltr'>inutilis.</span> <span class='ocrx_word' id='word_1_173' title='bbox 1053 1883 1081 1938; x_wconf 78' lang='lat' dir='ltr'>si</span> <span class='ocrx_word' id='word_1_174' title='bbox 1092 1885 1170 1938; x_wconf 80' lang='lat' dir='ltr'>enim</span> <span class='ocrx_word' id='word_1_175' title='bbox 1182 1883 1419 1938; x_wconf 70' lang='lat' dir='ltr'>musnetndoenns</span> 
     </span>
     <span class='ocr_line' id='line_1_18' title="bbox 338 1966 1420 2040; baseline -0.001 -18"><span class='ocrx_word' id='word_1_176' title='bbox 338 1968 450 2040; x_wconf 76' lang='lat' dir='ltr'>sapiente</span> <span class='ocrx_word' id='word_1_177' title='bbox 462 1967 531 2022; x_wconf 82' lang='lat' dir='ltr'>utilis</span> <span class='ocrx_word' id='word_1_178' title='bbox 545 1979 581 2024; x_wconf 82' lang='lat' dir='ltr'>set</span> <span class='ocrx_word' id='word_1_179' title='bbox 592 1966 703 2036; x_wconf 74' lang='lat' dir='ltr'>,quidni</span> <span class='ocrx_word' id='word_1_180' title='bbox 718 1979 745 2018; x_wconf 92' lang='lat' dir='ltr'>et</span> <span class='ocrx_word' id='word_1_181' title='bbox 756 1967 810 2038; x_wconf 76' lang='lat' dir='ltr'>ejus</span> <span class='ocrx_word' id='word_1_182' title='bbox 825 1980 947 2040; x_wconf 72' lang='lat' dir='ltr'>precepto</span> <span class='ocrx_word' id='word_1_183' title='bbox 965 1968 1217 2035; x_wconf 64' lang='lat' dir='ltr'>merant-ss</span> <span class='ocrx_word' id='word_1_184' title='bbox 1234 1967 1333 2021; x_wconf 72' lang='lat' dir='ltr'>Adbne</span> <span class='ocrx_word' id='word_1_185' title='bbox 1343 1985 1420 2040; x_wconf 74' lang='lat' dir='ltr'>prn-</span> 
     </span>
     <span class='ocr_line' id='line_1_19' title="bbox 340 2046 1419 2123; baseline -0.006 -19"><span class='ocrx_word' id='word_1_186' title='bbox 340 2061 409 2123; x_wconf 81' lang='lat' dir='ltr'>eeptt</span> <span class='ocrx_word' id='word_1_187' title='bbox 418 2048 472 2104; x_wconf 73' lang='lat' dir='ltr'>sim</span> <span class='ocrx_word' id='word_1_188' title='bbox 482 2059 632 2121; x_wconf 64' lang='lat' dir='ltr'>presentent</span> <span class='ocrx_word' id='word_1_189' title='bbox 642 2046 736 2102; x_wconf 80' lang='lat' dir='ltr'>babent</span> <span class='ocrx_word' id='word_1_190' title='bbox 746 2047 774 2099; x_wconf 92' lang='lat' dir='ltr'>in</span> <span class='ocrx_word' id='word_1_191' title='bbox 789 2050 901 2101; x_wconf 86' lang='lat' dir='ltr'>setionss</span> <span class='ocrx_word' id='word_1_192' title='bbox 915 2061 1029 2112; x_wconf 82' lang='lat' dir='ltr'>nostres.</span> <span class='ocrx_word' id='word_1_193' title='bbox 1044 2048 1166 2104; x_wconf 73' lang='lat' dir='ltr'>lidne’nns</span> <span class='ocrx_word' id='word_1_194' title='bbox 1182 2049 1211 2101; x_wconf 89' lang='lat' dir='ltr'>in</span> <span class='ocrx_word' id='word_1_195' title='bbox 1226 2047 1419 2120; x_wconf 71' lang='lat' dir='ltr'>nobismetipsis</span> 
     </span>
     <span class='ocr_line' id='line_1_20' title="bbox 340 2131 536 2198; baseline -0.01 -13"><span class='ocrx_word' id='word_1_196' title='bbox 340 2131 483 2185; x_wconf 77' lang='lat' dir='ltr'>firmant·</span> <span class='ocrx_word' id='word_1_197' title='bbox 495 2133 536 2198; x_wconf 67' lang='lat' dir='ltr'>ld.</span> 
     </span>
    </p>

    <p class='ocr_par' dir='ltr' id='par_1_4' title="bbox 338 2211 1422 2706">
     <span class='ocr_line' id='line_1_21' title="bbox 373 2211 1420 2289; baseline -0.005 -22"><span class='ocrx_word' id='word_1_198' title='bbox 373 2214 533 2286; x_wconf 76' lang='lat' dir='ltr'>Superum</span> <span class='ocrx_word' id='word_1_199' title='bbox 549 2225 607 2266; x_wconf 84' lang='lat' dir='ltr'>ssmt</span> <span class='ocrx_word' id='word_1_200' title='bbox 627 2225 764 2286; x_wconf 59' lang='lat' dir='ltr'>praepa,</span> <span class='ocrx_word' id='word_1_201' title='bbox 781 2213 915 2286; x_wconf 84' lang='lat' dir='ltr'>objicitur,</span> <span class='ocrx_word' id='word_1_202' title='bbox 935 2215 1058 2286; x_wconf 81' lang='lat' dir='ltr'>quonism</span> <span class='ocrx_word' id='word_1_203' title='bbox 1078 2215 1159 2266; x_wconf 78' lang='lat' dir='ltr'>sistus</span> <span class='ocrx_word' id='word_1_204' title='bbox 1177 2213 1206 2266; x_wconf 92' lang='lat' dir='ltr'>in</span> <span class='ocrx_word' id='word_1_205' title='bbox 1224 2211 1377 2289; x_wconf 70' lang='lat' dir='ltr'>cognitione</span> <span class='ocrx_word' id='word_1_206' title='bbox 1393 2220 1420 2262; x_wconf 85' lang='lat' dir='ltr'>et</span> 
     </span>
     <span class='ocr_line' id='line_1_22' title="bbox 340 2294 1421 2372; baseline -0.004 -22"><span class='ocrx_word' id='word_1_207' title='bbox 340 2298 421 2350; x_wconf 82' lang='lat' dir='ltr'>enimi</span> <span class='ocrx_word' id='word_1_208' title='bbox 433 2297 519 2351; x_wconf 85' lang='lat' dir='ltr'>hebitn</span> <span class='ocrx_word' id='word_1_209' title='bbox 530 2297 703 2370; x_wconf 76' lang='lat' dir='ltr'>cognitionem</span> <span class='ocrx_word' id='word_1_210' title='bbox 715 2297 787 2350; x_wconf 85' lang='lat' dir='ltr'>illem</span> <span class='ocrx_word' id='word_1_211' title='bbox 798 2299 919 2370; x_wconf 86' lang='lat' dir='ltr'>sequendi</span> <span class='ocrx_word' id='word_1_212' title='bbox 930 2298 1238 2372; x_wconf 75' lang='lat' dir='ltr'>constetliespondetur,</span> <span class='ocrx_word' id='word_1_213' title='bbox 1252 2294 1302 2349; x_wconf 85' lang='lat' dir='ltr'>boe</span> <span class='ocrx_word' id='word_1_214' title='bbox 1317 2305 1421 2347; x_wconf 79' lang='lat' dir='ltr'>tentum</span> 
     </span>
     <span class='ocr_line' id='line_1_23' title="bbox 341 2377 1422 2458; baseline -0.004 -22"><span class='ocrx_word' id='word_1_215' title='bbox 341 2384 373 2436; x_wconf 92' lang='lat' dir='ltr'>de</span> <span class='ocrx_word' id='word_1_216' title='bbox 382 2383 493 2456; x_wconf 72' lang='lat' dir='ltr'>sapiente</span> <span class='ocrx_word' id='word_1_217' title='bbox 502 2381 585 2446; x_wconf 71' lang='lat' dir='ltr'>velet,</span> <span class='ocrx_word' id='word_1_218' title='bbox 594 2381 701 2434; x_wconf 74' lang='lat' dir='ltr'>minim</span> <span class='ocrx_word' id='word_1_219' title='bbox 712 2401 773 2434; x_wconf 83' lang='lat' dir='ltr'>vero</span> <span class='ocrx_word' id='word_1_220' title='bbox 788 2382 819 2434; x_wconf 93' lang='lat' dir='ltr'>de</span> <span class='ocrx_word' id='word_1_221' title='bbox 829 2383 976 2456; x_wconf 78' lang='lat' dir='ltr'>imperfecto</span> <span class='ocrx_word' id='word_1_222' title='bbox 985 2419 992 2447; x_wconf 85' lang='lat'>‚</span> <span class='ocrx_word' id='word_1_223' title='bbox 1001 2383 1045 2453; x_wconf 84' lang='lat' dir='ltr'>qui</span> <span class='ocrx_word' id='word_1_224' title='bbox 1055 2381 1153 2458; x_wconf 83' lang='lat' dir='ltr'>impelli</span> <span class='ocrx_word' id='word_1_225' title='bbox 1163 2395 1238 2454; x_wconf 75' lang='lat' dir='ltr'>itque</span> <span class='ocrx_word' id='word_1_226' title='bbox 1250 2377 1355 2433; x_wconf 82' lang='lat' dir='ltr'>ineitsri</span> <span class='ocrx_word' id='word_1_227' title='bbox 1367 2379 1422 2432; x_wconf 87' lang='lat' dir='ltr'>de·</span> 
     </span>
     <span class='ocr_line' id='line_1_24' title="bbox 338 2464 1422 2541; baseline -0.004 -21"><span class='ocrx_word' id='word_1_228' title='bbox 338 2467 399 2534; x_wconf 88' lang='lat' dir='ltr'>bet,</span> <span class='ocrx_word' id='word_1_229' title='bbox 410 2468 548 2540; x_wconf 84' lang='lat' dir='ltr'>quinetism</span> <span class='ocrx_word' id='word_1_230' title='bbox 560 2467 588 2519; x_wconf 89' lang='lat' dir='ltr'>in</span> <span class='ocrx_word' id='word_1_231' title='bbox 600 2467 776 2520; x_wconf 76' lang='lat' dir='ltr'>reetsm‘rism</span> <span class='ocrx_word' id='word_1_232' title='bbox 788 2467 872 2540; x_wconf 75' lang='lat' dir='ltr'>dirigi.</span> <span class='ocrx_word' id='word_1_233' title='bbox 885 2469 1006 2541; x_wconf 86' lang='lat' dir='ltr'>Sequitur</span> <span class='ocrx_word' id='word_1_234' title='bbox 1018 2489 1047 2522; x_wconf 80' lang='lat' dir='ltr'>ex</span> <span class='ocrx_word' id='word_1_235' title='bbox 1055 2469 1112 2535; x_wconf 80' lang='lat' dir='ltr'>his,</span> <span class='ocrx_word' id='word_1_236' title='bbox 1125 2488 1177 2521; x_wconf 91' lang='lat' dir='ltr'>esse</span> <span class='ocrx_word' id='word_1_237' title='bbox 1187 2467 1214 2519; x_wconf 91' lang='lat' dir='ltr'>in</span> <span class='ocrx_word' id='word_1_238' title='bbox 1227 2465 1273 2518; x_wconf 85' lang='lat' dir='ltr'>hee</span> <span class='ocrx_word' id='word_1_239' title='bbox 1282 2465 1333 2520; x_wconf 77' lang='lat' dir='ltr'>virs</span> <span class='ocrx_word' id='word_1_240' title='bbox 1343 2464 1422 2517; x_wconf 75' lang='lat' dir='ltr'>illins</span> 
     </span>
     <span class='ocr_line' id='line_1_25' title="bbox 339 2551 1421 2627; baseline -0.002 -23"><span class='ocrx_word' id='word_1_241' title='bbox 339 2551 522 2627; x_wconf 82' lang='lat' dir='ltr'>pbilosophism</span> <span class='ocrx_word' id='word_1_242' title='bbox 534 2553 709 2624; x_wconf 73' lang='lat' dir='ltr'>psroeneticsm</span> <span class='ocrx_word' id='word_1_243' title='bbox 716 2571 736 2604; x_wconf 92' lang='lat' dir='ltr'>s.</span> <span class='ocrx_word' id='word_1_244' title='bbox 746 2552 921 2626; x_wconf 83' lang='lat' dir='ltr'>prseeeptivsm</span> <span class='ocrx_word' id='word_1_245' title='bbox 934 2553 1098 2607; x_wconf 73' lang='lat' dir='ltr'>neeessariam</span> <span class='ocrx_word' id='word_1_246' title='bbox 1110 2574 1116 2605; x_wconf 91' lang='lat'>:</span> <span class='ocrx_word' id='word_1_247' title='bbox 1130 2571 1207 2623; x_wconf 79' lang='lat' dir='ltr'>quere</span> <span class='ocrx_word' id='word_1_248' title='bbox 1216 2569 1312 2604; x_wconf 88' lang='lat' dir='ltr'>errores</span> <span class='ocrx_word' id='word_1_249' title='bbox 1321 2561 1345 2601; x_wconf 90' lang='lat' dir='ltr'>et</span> <span class='ocrx_word' id='word_1_250' title='bbox 1354 2567 1421 2622; x_wconf 68' lang='lat' dir='ltr'>pre·</span> 
     </span>
     <span class='ocr_line' id='line_1_26' title="bbox 341 2635 678 2706; baseline -0.006 -16"><span class='ocrx_word' id='word_1_251' title='bbox 341 2635 434 2706; x_wconf 77' lang='lat' dir='ltr'>judicis</span> <span class='ocrx_word' id='word_1_252' title='bbox 446 2636 599 2688; x_wconf 75' lang='lat' dir='ltr'>removenda</span> <span class='ocrx_word' id='word_1_253' title='bbox 612 2649 678 2688; x_wconf 78' lang='lat' dir='ltr'>snut·</span> 
     </span>
    </p>
   </div>
   <div class='ocr_carea' id='block_1_3' title="bbox 643 2812 1139 2850">
    <p class='ocr_par' dir='ltr' id='par_1_5' title="bbox 643 2812 1139 2850">
     <span class='ocr_line' id='line_1_27' title="bbox 643 2812 1139 2850; baseline 0.002 -4"><span class='ocrx_word' id='word_1_254' title='bbox 643 2812 754 2848; x_wconf 68' lang='lat' dir='ltr'>”Mu</span> <span class='ocrx_word' id='word_1_255' title='bbox 771 2813 902 2850; x_wconf 64' lang='lat' dir='ltr'>butisso</span> <span class='ocrx_word' id='word_1_256' title='bbox 920 2813 975 2850; x_wconf 77' lang='lat' dir='ltr'>suo</span> <span class='ocrx_word' id='word_1_257' title='bbox 994 2813 1139 2849; x_wconf 71' lang='grc' dir='ltr'><strong>ΙΑΗΠΙΙ.</strong></span> 
     </span>
    </p>
   </div>
   <div class='ocr_carea' id='block_1_4' title="bbox 342 2923 1467 3734">
    <p class='ocr_par' dir='ltr' id='par_1_6' title="bbox 342 2923 1467 3734">
     <span class='ocr_line' id='line_1_28' title="bbox 390 2923 1423 3040; baseline -0.002 -28"><span class='ocrx_word' id='word_1_258' title='bbox 390 2947 474 3012; x_wconf 80' lang='lat' dir='ltr'>Esse</span> <span class='ocrx_word' id='word_1_259' title='bbox 500 2957 646 3038; x_wconf 86' lang='lat' dir='ltr'>partem¹</span> <span class='ocrx_word' id='word_1_260' title='bbox 673 2923 923 3040; x_wconf 73' lang='lat' dir='ltr'>Philosophiae,</span> <span class='ocrx_word' id='word_1_261' title='bbox 948 2970 1024 3040; x_wconf 85' lang='lat' dir='ltr'>quae</span> <span class='ocrx_word' id='word_1_262' title='bbox 1047 2947 1105 3015; x_wconf 85' lang='lat' dir='ltr'>dst</span> <span class='ocrx_word' id='word_1_263' title='bbox 1126 2943 1263 3039; x_wconf 82' lang='lat' dir='ltr'>propria</span> <span class='ocrx_word' id='word_1_264' title='bbox 1289 2940 1423 3032; x_wconf 88' lang='lat' dir='ltr'>cuique</span> 
     </span>
     <span class='ocr_line' id='line_1_29' title="bbox 342 3058 1424 3155; baseline -0.004 -27"><span class='ocrx_word' id='word_1_265' title='bbox 342 3083 493 3155; x_wconf 81' lang='lat' dir='ltr'>personae</span> <span class='ocrx_word' id='word_1_266' title='bbox 519 3078 710 3155; x_wconf 82' lang='lat' dir='ltr'>praecepte,</span> <span class='ocrx_word' id='word_1_267' title='bbox 735 3085 802 3131; x_wconf 86' lang='lat' dir='ltr'>neo</span> <span class='ocrx_word' id='word_1_268' title='bbox 826 3065 864 3132; x_wconf 91' lang='lat' dir='ltr'>in</span> <span class='ocrx_word' id='word_1_269' title='bbox 887 3065 1084 3133; x_wconf 86' lang='lat' dir='ltr'>universum</span> <span class='ocrx_word' id='word_1_270' title='bbox 1108 3060 1280 3153; x_wconf 84' lang='lat' dir='ltr'>componit</span> <span class='ocrx_word' id='word_1_271' title='bbox 1305 3058 1424 3126; x_wconf 85' lang='lat' dir='ltr'>bomi-</span> 
     </span>
     <span class='ocr_line' id='line_1_30' title="bbox 343 3174 1425 3274; baseline -0.002 -30"><span class='ocrx_word' id='word_1_272' title='bbox 343 3201 442 3259; x_wconf 89' lang='lat' dir='ltr'>nem,</span> <span class='ocrx_word' id='word_1_273' title='bbox 468 3176 527 3246; x_wconf 89' lang='lat' dir='ltr'>sed</span> <span class='ocrx_word' id='word_1_274' title='bbox 552 3181 673 3246; x_wconf 90' lang='lat' dir='ltr'>marito</span> <span class='ocrx_word' id='word_1_275' title='bbox 699 3177 840 3261; x_wconf 86' lang='lat' dir='ltr'>suadet,</span> <span class='ocrx_word' id='word_1_276' title='bbox 869 3180 1040 3272; x_wconf 87' lang='lat' dir='ltr'>quomodo</span> <span class='ocrx_word' id='word_1_277' title='bbox 1067 3203 1104 3247; x_wconf 83' lang='lat' dir='ltr'>se</span> <span class='ocrx_word' id='word_1_278' title='bbox 1129 3192 1228 3274; x_wconf 79' lang='lat' dir='ltr'>gerat</span> <span class='ocrx_word' id='word_1_279' title='bbox 1251 3174 1425 3244; x_wconf 84' lang='lat' dir='ltr'>adversus</span> 
     </span>
     <span class='ocr_line' id='line_1_31' title="bbox 344 3291 1467 3386; baseline 0.002 -28"><span class='ocrx_word' id='word_1_280' title='bbox 344 3309 504 3374; x_wconf 79' lang='lat' dir='ltr'>uxorem3</span> <span class='ocrx_word' id='word_1_281' title='bbox 527 3293 636 3386; x_wconf 83' lang='lat' dir='ltr'>patri,</span> <span class='ocrx_word' id='word_1_282' title='bbox 659 3291 829 3385; x_wconf 87' lang='lat' dir='ltr'>quomodo</span> <span class='ocrx_word' id='word_1_283' title='bbox 848 3294 971 3364; x_wconf 86' lang='lat' dir='ltr'>educet</span> <span class='ocrx_word' id='word_1_284' title='bbox 989 3295 1136 3382; x_wconf 82' lang='lat' dir='ltr'>liberos3</span> <span class='ocrx_word' id='word_1_285' title='bbox 1156 3294 1310 3374; x_wconf 88' lang='lat' dir='ltr'>domino,</span> <span class='ocrx_word' id='word_1_286' title='bbox 1330 3316 1425 3384; x_wconf 87' lang='lat' dir='ltr'>quo·</span> <span class='ocrx_word' id='word_1_287' title='bbox 1460 3339 1467 3352; x_wconf 81' lang='lat'><strong>·</strong></span> 
     </span>
     <span class='ocr_line' id='line_1_32' title="bbox 343 3405 1426 3506; baseline 0.001 -35"><span class='ocrx_word' id='word_1_288' title='bbox 343 3405 443 3473; x_wconf 90' lang='lat' dir='ltr'>modo</span> <span class='ocrx_word' id='word_1_289' title='bbox 465 3428 578 3474; x_wconf 83' lang='lat' dir='ltr'>servos</span> <span class='ocrx_word' id='word_1_290' title='bbox 596 3421 709 3500; x_wconf 72' lang='lat' dir='ltr'>regat3</span> <span class='ocrx_word' id='word_1_291' title='bbox 739 3406 878 3500; x_wconf 89' lang='lat' dir='ltr'>quidam</span> <span class='ocrx_word' id='word_1_292' title='bbox 901 3409 1005 3477; x_wconf 84' lang='lat' dir='ltr'>solnm</span> <span class='ocrx_word' id='word_1_293' title='bbox 1030 3422 1252 3506; x_wconf 83' lang='lat' dir='ltr'>receperunt,</span> <span class='ocrx_word' id='word_1_294' title='bbox 1278 3420 1426 3473; x_wconf 84' lang='lat' dir='ltr'>caeterns</span> 
     </span>
     <span class='ocr_line' id='line_1_33' title="bbox 345 3519 1423 3620; baseline -0.005 -26"><span class='ocrx_word' id='word_1_295' title='bbox 345 3519 441 3614; x_wconf 78' lang='lat' dir='ltr'>quasi</span> <span class='ocrx_word' id='word_1_296' title='bbox 469 3539 559 3608; x_wconf 71' lang='lat' dir='ltr'>estre</span> <span class='ocrx_word' id='word_1_297' title='bbox 587 3523 773 3593; x_wconf 78' lang='lat' dir='ltr'>,utilitatem</span> <span class='ocrx_word' id='word_1_298' title='bbox 801 3541 951 3596; x_wconf 77' lang='lat' dir='ltr'>nostrum</span> <span class='ocrx_word' id='word_1_299' title='bbox 978 3541 1139 3620; x_wconf 79' lang='lat' dir='ltr'>vngnntes</span> <span class='ocrx_word' id='word_1_300' title='bbox 1172 3524 1423 3615; x_wconf 81' lang='lat' dir='ltr'>reliquerunt:</span> 
     </span>
     <span class='ocr_line' id='line_1_34' title="bbox 345 3639 1428 3734; baseline 0.003 -26"><span class='ocrx_word' id='word_1_301' title='bbox 345 3656 504 3734; x_wconf 83' lang='lat' dir='ltr'>tanquam</span> <span class='ocrx_word' id='word_1_302' title='bbox 525 3641 601 3732; x_wconf 86' lang='lat' dir='ltr'>quis</span> <span class='ocrx_word' id='word_1_303' title='bbox 620 3643 724 3733; x_wconf 83' lang='lat' dir='ltr'>possit</span> <span class='ocrx_word' id='word_1_304' title='bbox 747 3641 791 3709; x_wconf 88' lang='lat' dir='ltr'>de</span> <span class='ocrx_word' id='word_1_305' title='bbox 805 3658 901 3734; x_wconf 85' lang='lat' dir='ltr'>parte</span> <span class='ocrx_word' id='word_1_306' title='bbox 918 3639 1082 3726; x_wconf 84' lang='lat' dir='ltr'>sundere,</span> <span class='ocrx_word' id='word_1_307' title='bbox 1098 3642 1166 3711; x_wconf 87' lang='lat' dir='ltr'>nisi</span> <span class='ocrx_word' id='word_1_308' title='bbox 1180 3641 1238 3734; x_wconf 90' lang='lat' dir='ltr'>qui</span> <span class='ocrx_word' id='word_1_309' title='bbox 1254 3663 1428 3711; x_wconf 79' lang='lat' dir='ltr'>summam</span> 
     </span>
    </p>
   </div>
   <div class='ocr_carea' id='block_1_5' title="bbox 345 3852 1431 4320">
    <p class='ocr_par' dir='ltr' id='par_1_7' title="bbox 345 3852 1431 4320">
     <span class='ocr_line' id='line_1_35' title="bbox 384 3852 1429 3928; baseline -0.002 -18"><span class='ocrx_word' id='word_1_310' title='bbox 384 3852 855 3923; x_wconf 71' lang='lat' dir='ltr'>1.Eampanem...c⁰mp1eaeusess</span> <span class='ocrx_word' id='word_1_311' title='bbox 905 3859 1027 3922; x_wconf 79' lang='lat' dir='ltr'>dicimus,</span> <span class='ocrx_word' id='word_1_312' title='bbox 1046 3860 1173 3924; x_wconf 80' lang='lat' dir='ltr'>eontinet,</span> <span class='ocrx_word' id='word_1_313' title='bbox 1187 3852 1310 3928; x_wconf 80' lang='lat' dir='ltr'>quonism</span> <span class='ocrx_word' id='word_1_314' title='bbox 1326 3872 1366 3908; x_wconf 71' lang='lat' dir='ltr'>ee</span> <span class='ocrx_word' id='word_1_315' title='bbox 1387 3856 1429 3908; x_wconf 82' lang='lat' dir='ltr'>ei·</span> 
     </span>
     <span class='ocr_line' id='line_1_36' title="bbox 345 3933 1430 4007; baseline 0 -21"><span class='ocrx_word' id='word_1_316' title='bbox 345 3935 435 3987; x_wconf 81' lang='lat' dir='ltr'>Noster</span> <span class='ocrx_word' id='word_1_317' title='bbox 448 3933 526 4007; x_wconf 83' lang='lat' dir='ltr'>Epist.</span> <span class='ocrx_word' id='word_1_318' title='bbox 537 3948 601 3994; x_wconf 87' lang='lat' dir='ltr'>xcv,</span> <span class='ocrx_word' id='word_1_319' title='bbox 618 3953 628 3985; x_wconf 90' lang='grc' dir='ltr'><strong>ι</strong></span> <span class='ocrx_word' id='word_1_320' title='bbox 646 3934 855 4001; x_wconf 51' lang='lat' dir='ltr'>«emissorius.</span> <span class='ocrx_word' id='word_1_321' title='bbox 905 3937 975 3988; x_wconf 87' lang='lat' dir='ltr'>vium</span> <span class='ocrx_word' id='word_1_322' title='bbox 988 3935 1091 3988; x_wconf 70' lang='lat' dir='ltr'>arbitrio</span> <span class='ocrx_word' id='word_1_323' title='bbox 1108 3934 1301 4006; x_wconf 84' lang='lat' dir='ltr'>relinquuntur,</span> <span class='ocrx_word' id='word_1_324' title='bbox 1319 3952 1371 3985; x_wconf 84' lang='lat' dir='ltr'>nee</span> <span class='ocrx_word' id='word_1_325' title='bbox 1388 3933 1430 3986; x_wconf 91' lang='lat' dir='ltr'>le·</span> 
     </span>
     <span class='ocr_line' id='line_1_37' title="bbox 346 4009 1430 4086; baseline -0.002 -21"><span class='ocrx_word' id='word_1_326' title='bbox 346 4013 522 4086; x_wconf 70' lang='lat' dir='ltr'>preceptirsm</span> <span class='ocrx_word' id='word_1_327' title='bbox 540 4009 648 4085; x_wconf 87' lang='lat' dir='ltr'>sppellet</span> <span class='ocrx_word' id='word_1_328' title='bbox 663 4011 854 4083; x_wconf 73' lang='lat' dir='ltr'>benepatiens,</span> <span class='ocrx_word' id='word_1_329' title='bbox 904 4013 978 4084; x_wconf 73' lang='lat' dir='ltr'>gibus</span> <span class='ocrx_word' id='word_1_330' title='bbox 1008 4015 1098 4066; x_wconf 79' lang='lat' dir='ltr'>diserte</span> <span class='ocrx_word' id='word_1_331' title='bbox 1123 4013 1288 4066; x_wconf 81' lang='lat' dir='ltr'>definiuntur.</span> <span class='ocrx_word' id='word_1_332' title='bbox 1321 4011 1430 4063; x_wconf 88' lang='lat' dir='ltr'>lustru·</span> 
     </span>
     <span class='ocr_line' id='line_1_38' title="bbox 346 4085 1429 4164; baseline -0.005 -19"><span class='ocrx_word' id='word_1_333' title='bbox 346 4110 423 4162; x_wconf 79' lang='lat' dir='ltr'>quem</span> <span class='ocrx_word' id='word_1_334' title='bbox 433 4109 479 4144; x_wconf 91' lang='lat' dir='ltr'>nos</span> <span class='ocrx_word' id='word_1_335' title='bbox 487 4092 620 4164; x_wconf 77' lang='lat' dir='ltr'>prscticnm</span> <span class='ocrx_word' id='word_1_336' title='bbox 631 4107 720 4140; x_wconf 82' lang='lat' dir='ltr'>voesre</span> <span class='ocrx_word' id='word_1_337' title='bbox 730 4087 852 4150; x_wconf 80' lang='lat' dir='ltr'>solemus,</span> <span class='ocrx_word' id='word_1_338' title='bbox 904 4104 1020 4145; x_wconf 89' lang='lat' dir='ltr'>mentum</span> <span class='ocrx_word' id='word_1_339' title='bbox 1042 4104 1127 4144; x_wconf 82' lang='lat' dir='ltr'>eutem</span> <span class='ocrx_word' id='word_1_340' title='bbox 1152 4091 1226 4160; x_wconf 74' lang='lat' dir='ltr'>buius</span> <span class='ocrx_word' id='word_1_341' title='bbox 1248 4085 1429 4162; x_wconf 68' lang='lat' dir='ltr'>philosophie</span> 
     </span>
     <span class='ocr_line' id='line_1_39' title="bbox 347 4163 1431 4242; baseline -0.006 -21"><span class='ocrx_word' id='word_1_342' title='bbox 347 4169 531 4242; x_wconf 69' lang='lat' dir='ltr'>philosophiam</span> <span class='ocrx_word' id='word_1_343' title='bbox 539 4167 670 4232; x_wconf 73' lang='lat' dir='ltr'>mortim,</span> <span class='ocrx_word' id='word_1_344' title='bbox 682 4167 855 4239; x_wconf 84' lang='lat' dir='ltr'>qureplernsu·</span> <span class='ocrx_word' id='word_1_345' title='bbox 904 4165 1022 4239; x_wconf 68' lang='lat' dir='ltr'>practice</span> <span class='ocrx_word' id='word_1_346' title='bbox 1037 4181 1073 4220; x_wconf 90' lang='lat' dir='ltr'>est</span> <span class='ocrx_word' id='word_1_347' title='bbox 1085 4166 1196 4232; x_wconf 79' lang='lat' dir='ltr'>Etbiee,</span> <span class='ocrx_word' id='word_1_348' title='bbox 1210 4181 1268 4236; x_wconf 78' lang='lat' dir='ltr'>qun</span> <span class='ocrx_word' id='word_1_349' title='bbox 1282 4163 1431 4216; x_wconf 79' lang='lat' dir='ltr'>voluntstis</span> 
     </span>
     <span class='ocr_line' id='line_1_40' title="bbox 346 4241 1431 4320; baseline -0.006 -19"><span class='ocrx_word' id='word_1_350' title='bbox 346 4267 394 4320; x_wconf 77' lang='lat' dir='ltr'>que</span> <span class='ocrx_word' id='word_1_351' title='bbox 411 4247 578 4318; x_wconf 69' lang='lat' dir='ltr'>obligationes</span> <span class='ocrx_word' id='word_1_352' title='bbox 600 4245 775 4316; x_wconf 72' lang='lat' dir='ltr'>imperfectis,</span> <span class='ocrx_word' id='word_1_353' title='bbox 791 4264 854 4314; x_wconf 87' lang='lat' dir='ltr'>quss</span> <span class='ocrx_word' id='word_1_354' title='bbox 904 4246 1088 4309; x_wconf 67' lang='lat' dir='ltr'>emendenda,</span> <span class='ocrx_word' id='word_1_355' title='bbox 1101 4241 1284 4298; x_wconf 77' lang='lat' dir='ltr'>constituente</span> <span class='ocrx_word' id='word_1_356' title='bbox 1294 4254 1320 4293; x_wconf 89' lang='lat' dir='ltr'>et</span> <span class='ocrx_word' id='word_1_357' title='bbox 1329 4241 1362 4296; x_wconf 85' lang='lat' dir='ltr'>ed</span> <span class='ocrx_word' id='word_1_358' title='bbox 1376 4241 1431 4294; x_wconf 86' lang='lat' dir='ltr'>bo·</span> 
     </span>
    </p>
   </div>
   <div class='ocr_carea' id='block_1_6' title="bbox 0 0 1497 4934">
    <p class='ocr_par' dir='ltr' id='par_1_8' title="bbox 0 0 1497 4934">
     <span class='ocr_line' id='line_1_41' title="bbox 0 0 1497 4934; baseline 0 0"><span class='ocrx_word' id='word_1_359' title='bbox 0 0 1497 4934; x_wconf 95' lang='lat' dir='ltr'> </span> 
     </span>
    </p>
   </div>
  </div>
 </body>
</html>
