2950 4934
234 474 490 545 mirsion.
516 475 780 546 STOICOR.
806 477 906 547 LIB.
932 478 987 546 ΙΙ.
1074 484 1142 576 589

65 619 136 680 artis
154 639 272 699 expers,
288 630 319 678 et
334 629 503 680 convertens
518 620 549 678 in
566 641 598 680 se
613 640 699 678 omne
712 618 880 680 alimentum
896 643 904 679 a
920 618 1039 682 alterum
1053 623 1145 684 artili-

65 723 159 797 ciale,
174 721 253 804 qnod
269 736 355 806 auget
370 744 418 784 res
436 737 467 784 et
481 737 648 799 censeam,
668 725 742 785 aient
758 725 789 786 in
807 725 913 806 plantis
926 727 1100 808 conspicitur
1115 741 1145 788 et

65 830 250 890 animalibus.
268 830 332 892 Hoc
352 843 447 892 autem
468 831 579 892 Natura
597 843 658 906 est,
684 843 714 891 et
735 832 851 892 Anima.
872 833 967 914 Atque
984 833 1047 912 ejus
1065 833 1145 918 Ignis

65 939 221 998 essentiam
229 949 369 998 astrorum
377 957 471 998 esse.»
482 934 582 1019 (Stob.
594 936 698 1019 Phys.)
705 937 796 998 Vides
807 938 883 998 hune
896 938 1017 1022 Ignem?
1029 940 1145 1004 Fmastra

66 1044 156 1126 igitur
169 1057 269 1105 censa
283 1056 312 1104 ec
326 1044 407 1104 timet
419 1043 584 1104 adeuntes
600 1041 637 1126 (1
656 1044 779 1106 Mereor.
797 1067 861 1128 cap.
883 1042 923 1127 3)
944 1070 953 1106 ι
975 1047 1032 1109 ,si
1050 1049 1142 1110 inien-

64 1150 142 1210 valla
160 1150 306 1212 stellarum
323 1149 410 1232 plena
431 1151 500 1232 igue
527 1163 622 1210 essent
640 1151 716 1232 (ipsi
733 1150 839 1233 orbes)
859 1165 888 1212 et
907 1174 1026 1235 corpora
1047 1175 1145 1216 earnm

66 1278 104 1316 ex
126 1257 214 1339 igue,
232 1257 292 1337 jam
310 1255 424 1338 pridem
441 1256 578 1339 quodque
591 1257 713 1318 ffiorum
730 1256 945 1319 Elementorum
962 1260 1143 1342 absumptum
1218 1247 1221 1254 ‚

64 1365 241 1424 evasisset.
257 1390 272 1418 a
296 1363 375 1426 Pone
395 1375 524 1435 metum
546 1385 642 1445 neque
663 1365 814 1426 intervalla
834 1365 930 1425 omnia
953 1363 1072 1447 Ignem,
1092 1368 1144 1427 sed

65 1472 152 1553 ignea
166 1469 289 1532 dicimm
303 1462 313 1530 a
326 1482 357 1530 et
370 1492 389 1531 a
400 1471 452 1530 tali
467 1471 527 1549 jam
539 1469 682 1552 descripto
696 1483 840 1532 servatore
854 1472 922 1553 igue
930 1495 937 1542 ;
954 1470 1145 1552 ψωλή-

49 1574 147 1657 ficem
171 1577 249 1638 Zeno
275 1576 364 1654 dieit,
391 1589 422 1638 et
445 1577 502 1636 alio
518 1577 623 1650 verbo,
644 1598 732 1639 aenan
752 1579 915 1652 consimili,
935 1581 1020 1660 νοερὸν
1038 1579 1143 1660 passim

62 1684 114 1742 alii
127 1708 136 1742 ε
149 1685 291 1746 intellectu
310 1684 480 1765 padellam
493 1707 553 1744 non
571 1685 688 1746 brutum
707 1686 789 1746 illum
809 1697 838 1746 et
857 1705 1020 1746 exsensum.
1041 1685 1142 1769 Ignem

63 1791 153 1872 igitur
169 1790 266 1852 Solem
282 1801 401 1852 censent
419 1813 430 1850 a
448 1802 478 1850 et
490 1792 621 1872 increpat
638 1791 748 1853 Seneca
766 1789 832 1873 (111
849 1793 895 1852 De
907 1791 1009 1852 Benel.
1021 1815 1048 1852 e.
1073 1790 1141 1874 31),
1181 1869 1191 1882 ·

65 1923 79 1950 a
92 1898 146 1978 qui
161 1919 272 1958 saxum
281 1898 416 1980 aliquod,
438 1910 489 1958 ant
505 1897 686 1960 fortuitorum
702 1900 814 1981 ignium
829 1898 965 1982 globum,
984 1911 1013 1958 et
1030 1899 1144 1979 quidvis

62 2005 160 2085 potius
173 2026 260 2085 qnam
275 2004 372 2066 Deum
381 2005 538 2087 appellant.
553 2030 568 2057 a
581 2003 641 2064 Ubi
651 2004 689 2065 de
703 2005 801 2076 Samo,
818 2004 856 2066 atl
867 2005 1064 2088 Anaxagoram
1076 2025 1144 2084 pen-

60 2115 159 2172 tincta
171 2113 232 2172 sive
250 2124 279 2172 et
291 2111 332 2172 ad
350 2111 569 2186 Democritum,
585 2111 637 2191 qui
655 2111 725 2170 item
743 2109 818 2170 dixit
834 2137 848 2166 a
860 2108 969 2173 serrum
982 2109 1143 2170 vulsarum

60 2217 204 2278 candens
221 2243 235 2270 ι·
252 2217 298 2278 De
313 2215 442 2278 Fortunio
452 2217 545 2295 globo,
560 2216 598 2277 ad
608 2214 783 2297 Epicurum,
802 2217 852 2297 qui
864 2229 960 2276 tamen
971 2237 1029 2276 non
1039 2238 1143 2298 purum

60 2328 163 2409 ignem
178 2326 293 2396 stamit5
312 2323 363 2386 aed
385 2334 555 2384 «terrenum
572 2323 679 2383 laruam
700 2343 785 2396 esse,
802 2324 925 2404 pumicis
946 2333 996 2382 ant
1019 2325 1143 2405 spongia

60 2435 166 2506 instar,
181 2432 219 2492 ab
235 2432 303 2513 igne
316 2452 369 2512 per
385 2430 524 2491 lammina
539 2451 731 2490 accensum.»
746 2428 804 2490 Est*
813 2430 901 2512 igitur
911 2432 1014 2490 nostris
1025 2431 1144 2512 aliisque

62 2538 147 2621 Ignis
161 2550 212 2599 aut
228 2537 335 2620 Igneus
353 2559 363 2596 a
380 2559 439 2598 uon
452 2536 616 2618 Aristoteli,
636 2538 687 2618 qui
705 2537 791 2596 etiarn
808 2537 932 2596 calorem
950 2538 987 2597 ab
1003 2559 1038 2598 eo
1056 2539 1140 2599 tollit.

60 2645 194 2704 Damnat
211 2643 395 2716 Ambrosius,
415 2655 444 2702 et
463 2641 629 2702 adnostros
647 2641 766 2702 inclinat
784 2640 944 2723 (Hexaem.
963 2641 1012 2716 ΙΙ,
1035 2665 1062 2702 c.
1081 2641 1140 2723 3)=

61 2777 77 2805 a
88 2751 219 2810 Tantam
231 2761 327 2810 autem
339 2750 416 2808 inest
430 2747 486 2808 illis
503 2745 697 2831 (Philosophia
714 2745 832 2829 talibus)
849 2747 1050 2829 impugnanda
1062 2750 1144 2808 veri-

58 2861 131 2920 tatis
145 2856 293 2931 studium,
308 2870 342 2916 nt
353 2854 447 2916 Solem
462 2856 558 2936 ipsum
570 2866 677 2937 negent
691 2854 789 2914 calidae
803 2867 910 2914 natum
924 2875 1002 2928 esse,
1018 2875 1053 2914 eo
1065 2856 1144 2935 quod

56 2967 149 3026 albus
163 2964 220 3036 sit,
235 2985 296 3022 non
310 2961 487 3022 rubicundus
508 2975 558 3022 aut
579 2961 682 3022 rutilus
695 2962 726 3021 in
741 2962 865 3042 speeiem
879 2963 993 3044 igniac
1010 2960 1072 3020 Etsi
1084 2960 1143 3044 baec

57 3086 89 3134 et
105 3071 178 3130 talia
192 3069 261 3128 eatis
278 3068 398 3128 fortasse
412 3069 596 3149 exsequitur,
614 3079 644 3128 et
658 3066 772 3128 rideant
791 3067 877 3128 bodie
896 3069 926 3127 in
944 3066 1062 3128 Scholia.
1081 3069 1144 3129 td-

56 3179 153 3240 debat
167 3174 307 3250 Iaertins,
325 3203 340 3230 a
352 3175 493 3256 Maiorem
506 3189 582 3236 terra
595 3194 669 3235 esse.
682 3201 697 3228 a
712 3173 753 3234 Et
764 3197 840 3234 nune
856 3177 1038 3236 consentiant
1051 3188 1143 3236 astro-

55 3307 129 3346 rum
145 3283 287 3357 consulti,
304 3280 471 3362 iaciuntque
486 3309 501 3335 e
515 3282 623 3341 centies
642 3282 772 3363 sexagies
787 3282 881 3342 sexies
891 3307 906 3336 a
923 3283 1071 3361 majorem.
1090 3283 1143 3344 Se-

55 3413 137 3454 neca
151 3390 189 3473 (Ι
203 3387 392 3465 Quaest.'Nat.
409 3409 474 3469 cap.
494 3385 532 3468 3)
547 3410 562 3452 a,
574 3413 589 3440 α
606 3386 722 3460 Solem,
738 3409 825 3468 quern
845 3400 903 3448 toto
919 3389 988 3448 orbe
1003 3401 1141 3452 terrarum

53 3499 205 3576 majorem
221 3497 323 3577 probat
337 3495 429 3566 ratio,
450 3494 526 3552 acies
544 3505 640 3554 noatm
655 3493 697 3552 sic
710 3495 866 3567 contraxit,
883 3507 916 3554 ut
928 3496 1070 3575 sapientes
1086 3497 1139 3556 viri

52 3599 238 3687 (Epicurei)
251 3602 384 3683 pedalem
397 3621 460 3660 esse
473 3598 682 3659 contenderint.
694 3624 708 3650 ι·
719 3597 804 3672 Quod
818 3611 928 3660 veteres
942 3613 1037 3660 tamen
1052 3603 1140 3662 nostri

51 3713 204 3772 Doctores
216 3706 294 3766 band
313 3708 354 3767 ita
373 3708 522 3766 affirmant.
540 3703 736 3765 Damascenus
753 3727 761 3764 a
779 3731 793 3758 a
806 3704 855 3764 Sol
870 3728 887 3764 a
903 3704 1073 3786 quibusdam
1089 3707 1140 3766 di-

51 3819 139 3890 citur
149 3813 247 3874 multis
261 3813 389 3894 partibus
402 3825 479 3872 terra
494 3811 595 3888 major,
610 3833 628 3870 a
641 3811 746 3870 sanctis
763 3824 857 3872 autem
868 3811 999 3870 Patribus
1010 3813 1035 3872 ei
1049 3833 1110 3892 par.
1124 3839 1137 3864 o

50 3922 177 4000 Quibus
190 3918 403 3980 Anaximander
416 3918 484 3978 olim
498 3918 691 3990 consenserit,
707 3938 835 3976 asserens
854 3943 867 3970 a
881 3915 975 3976 Solem
987 3928 1064 3978 terra
1080 3940 1137 3984 non

51 4033 207 4092 minorem
228 4049 300 4088 esse.
315 4054 330 4081 a
343 4026 386 4087 alt
399 4037 599 4108 argumentum
619 4024 649 4083 iu
674 4022 787 4084 Laertio
811 4022 1035 4106 magnitudinis,
1060 4023 1138 4104 qnod

53 4170 70 4195 a
88 4151 205 4198 terram
219 4135 359 4209 illustret,
373 4146 458 4215 atque
473 4133 559 4193 etiam
574 4131 684 4190 celum.
697 4155 712 4183 a
728 4129 878 4204 Quomodo
889 4129 1007 4190 caeluml
1022 4152 1088 4190 nam
1101 4130 1138 4190 de

51 4261 137 4308 terra
155 4243 257 4325 liquet.
282 4240 393 4315 Credo,
417 4239 496 4321 quod
515 4240 562 4302 vel
584 4236 633 4300 det
654 4236 742 4296 stellis
763 4236 825 4296 aliis
840 4236 956 4311 lumen,
974 4237 1020 4298 vel
1036 4249 1138 4318 augeat
