2950 4934
297 482 364 550 306
584 476 624 547 L.
651 474 832 545 ANNAEI
856 474 1075 546 SENECAE

294 614 354 682 diu
374 614 532 706 exiguum
551 624 620 693 eat,
641 608 766 677 bonum
781 630 850 675 non
865 626 932 696 eat3
949 634 1055 702 quum
1067 606 1192 677 bontm
1209 630 1284 678 eane
1297 632 1369 680 σω-

293 730 371 823 pit,
403 750 472 795 non
504 727 663 819 exiguum
692 739 757 792 est.
782 722 881 793 Unde
903 724 1099 817 agnoscitur
1128 722 1255 793 bonum
1274 728 1313 792 Ῥ
1335 730 1366 795 ai

238 884 268 937 ,3
294 845 444 939 perfecte
460 840 645 911 seeundum
661 856 813 909 naturam
835 840 1100 926 eat-Fateris,
1121 841 1253 933 inquio,
1270 844 1365 933 quod

293 960 419 1030 bonum
438 977 505 1039 est,
529 956 715 1027 secundum
733 972 889 1024 naturam
905 978 999 1040 eeae3
1022 954 1096 1023 hoee
1112 955 1185 1048 ejue
1202 958 1363 1051 proprie-

292 1094 343 1145 taa
361 1091 412 1144 eet
429 1100 436 1141 ε
458 1075 592 1159 fateris,
612 1089 646 1143 et
659 1072 725 1141 alia
738 1072 924 1141 seeundum
941 1088 1094 1141 naturam
1109 1071 1247 1164 quidem
1262 1096 1339 1142 etae
1348 1125 1361 1157 ,

237 1240 260 1263 t
291 1191 351 1260 ted
369 1192 459 1259 bona
485 1214 554 1259 non
581 1212 667 1258 este.
694 1185 875 1281 Quomodo
901 1210 985 1282 ergo
1012 1186 1098 1256 illud
1127 1188 1254 1257 bonum
1285 1205 1362 1273 eat,

290 1334 394 1401 quum
409 1308 483 1376 haee
493 1331 561 1376 non
574 1308 668 1377 sint?
681 1304 850 1399 quomodo
859 1305 904 1375 ad
913 1304 1012 1374 aliam
1025 1306 1268 1400 proprietatem
1281 1331 1381 1401 per-¹

288 1422 404 1504 venit,
421 1444 526 1513 quum
542 1420 679 1512 utrique
695 1422 907 1513 praeoipunm
924 1417 1013 1487 illud
1028 1442 1204 1487 commune
1220 1420 1284 1501 eit,
1301 1444 1363 1489 ee-

230 1568 263 1633 ¹⁴
289 1537 437 1607 eundum
454 1550 607 1604 naturam
623 1536 720 1604 eane?
730 1574 781 1587 -
792 1537 870 1627 Ipsa
884 1530 1015 1603 scilieet
1025 1532 1273 1628 magnitudine.
1289 1538 1364 1603 Nec

288 1656 356 1723 hoe
373 1674 498 1722 novum
512 1666 563 1720 eat
573 1702 584 1738 ,
607 1652 762 1745 quaedam
777 1650 960 1720 crescendo
978 1652 1123 1727 mutari.¹
1136 1650 1252 1719 lnfnna
1272 1652 1358 1734 suit,

289 1770 397 1839 fectrit
410 1784 460 1837 eat
473 1766 600 1863 pubea3
615 1767 682 1837 alia
697 1767 771 1861 ejua
783 1767 974 1861 proprietas
986 1766 1026 1834 fit
1042 1791 1051 1833 ι
1066 1764 1125 1834 itte
1140 1768 1232 1835 enim
1241 1772 1257 1802 ²
1273 1769 1362 1835 irra-

287 1885 491 1966 tionalium,
501 1884 558 1952 hic
566 1882 927 1975 rationalia.Quaedam
935 1884 1144 1951 incremento
1151 1907 1220 1951 non
1228 1899 1362 1952 tantum

289 2005 324 2070 in
340 2002 446 2095 majus
461 2014 604 2082 exeunt,
618 1998 678 2069 aed
693 2000 729 2067 in
743 1998 849 2067 aliud.
865 2038 914 2057 -
925 2000 1003 2067 Non
1016 1998 1073 2080 fit,
1088 2000 1201 2092 inquit
1210 2051 1221 2086 ‚
1240 2000 1358 2081 aliud,

289 2117 381 2211 quod
394 2118 501 2210 majus
513 2118 553 2185 fit
571 2144 578 2184 ε
599 2132 714 2184 utrum
727 2114 883 2210 lagenam
899 2115 1088 2185 andelium
1105 2115 1244 2210 impleat
1259 2118 1358 2197 vino,

289 2230 376 2303 nihil
390 2232 513 2319 refert3
531 2234 567 2300 in
580 2248 727 2325 utroque
737 2234 927 2327 proprietas
937 2234 1009 2300 vini
1019 2248 1070 2301 eat
1084 2258 1092 2300 ι
1104 2234 1264 2325 exiguum
1276 2234 1362 2301 mei-

290 2353 332 2421 lis
349 2349 500 2445 pondua,
524 2373 565 2419 ex
585 2343 753 2444 magno³,
775 2374 894 2443 tepore
916 2373 985 2418 non
1005 2348 1131 2419 differt.
1150 2388 1203 2403 -
1216 2350 1360 2420 Diversa

291 2466 390 2559 ponis
401 2464 554 2557 exempla
568 2490 576 2531 ι
592 2464 630 2531 in
640 2464 712 2531 iatia
725 2464 817 2531 enim
830 2461 947 2531 eadem
962 2462 1107 2556 qualitur
1120 2478 1189 2549 eat3
1205 2469 1363 2556 quamvis

236 2614 266 2666 ,5
291 2598 493 2677 augeantur,
510 2596 658 2649 manent.
672 2580 837 2673 Quaedam
849 2629 859 2663 ‚
873 2581 1092 2674 amplificata,
1110 2582 1145 2649 in
1159 2606 1219 2651 nuo
1232 2604 1360 2675 genere

292 2711 327 2764 et
348 2697 385 2763 in
403 2718 463 2763 aua
481 2688 714 2787 proprietate*
735 2690 942 2785 perdurent3
968 2693 1139 2786 quedam,
1160 2710 1237 2788 poet
1254 2696 1358 2764 muita

291 2804 524 2891 incrementa,
554 2808 673 2876 ultima
699 2806 835 2875 demum
862 2808 964 2876 vertit
985 2807 1149 2901 adjecti03
1176 2827 1211 2878 et
1237 2837 1358 2881 novam

294 2924 374 3011 illia,
388 2925 570 3016 aliamque,
583 2948 683 3016 quam
699 2926 735 2991 in
750 2946 819 3015 que
831 2924 981 3005 fuerunt,
997 2923 1225 2993 conditionem
1237 2928 1363 3021 impri-

293 3042 368 3109 mit.
380 3036 487 3111 'Unua
506 3040 591 3133 lapis
611 3040 690 3107 fecit
709 3038 893 3121 fornicem,
917 3040 976 3108 iile
994 3042 1053 3132 qui
1071 3041 1176 3110 intera
1197 3044 1359 3113 inclinata

294 3156 471 3235 cuneavit,
488 3170 521 3221 et
534 3155 728 3221 interventu
742 3178 802 3223 auo
814 3154 933 3222 vinxit.
948 3156 1082 3223 Summa
1095 3157 1240 3249 adjectio
1253 3184 1360 3251 quare

295 3266 477 3359 plurimum
492 3266 589 3351 facit,
605 3268 660 3335 vel
674 3268 818 3361 exigua?
830 3267 922 3358 Quia
934 3292 1002 3337 non
1015 3286 1134 3363 auget,
1152 3271 1213 3339 aed
1225 3274 1355 3366 impiet.

294 3378 460 3474 Quaedam
473 3404 633 3475 processu
647 3384 798 3477 priorem
812 3400 940 3453 exuunt
954 3385 1110 3471 formam,
1132 3402 1165 3455 et
1182 3388 1219 3455 in
1238 3414 1360 3458 novam

295 3596 803 3652 Rnhk.nu11umetiammint'munnS.-
886 3624 907 3655 2.
921 3604 974 3657 tue
983 3608 1102 3672 enim.
1113 3626 1133 3659 c.
1147 3610 1182 3660 A.
1197 3608 1273 3663 Abest
1284 3612 1363 3686 vulgo

295 3674 378 3729 naht.
391 3676 480 3729 nititur
492 3696 543 3729 uno
557 3676 672 3729 Pinciani
689 3691 713 3731 et
723 3678 805 3731 tribua
851 3685 927 3734 enim.
941 3680 1021 3735 Sehw.

295 3754 449 3825 palatatque
458 3756 706 3827 interpretaturtuam
718 3756 804 3809 lectio-
885 3760 908 3813 3.
917 3760 969 3813 Ex
978 3780 1081 3831 magno.
1093 3762 1137 3816 Sic
1146 3782 1192 3816 ma.
1201 3786 1229 3819 a.
1239 3779 1265 3818 et
1274 3766 1316 3819 ed.
1327 3769 1362 3823 1t'.

295 3852 370 3887 nem:
380 3833 514 3885 minimum
526 3834 739 3886 contemnendum
751 3835 804 3889 bn—
852 3838 985 3890 commode
995 3857 1002 3890 ε
1012 3858 1046 3893 ae.
1060 3842 1129 3909 qnod
1143 3843 1249 3894 sumitur
1259 3864 1289 3896 ex
1302 3866 1362 3899 rna-

296 3929 358 3963 nnm
370 3923 406 3963 est
417 3910 518 3963 nullum
530 3928 538 3964 ι
554 3912 690 3964 Pincianus
701 3915 805 3966 nullum
852 3934 903 3988 gno
913 3916 1031 3988 pondere.
1048 3918 1086 3969 Et
1101 3938 1226 3989 magnum
1234 3920 1293 3974 edd.
1304 3944 1362 3977 curn

295 3989 447 4040 minimum.-
456 3990 574 4041 Erasmus
580 3992 682 4043 nullum
691 3994 760 4043 em'm
767 4011 802 4043 m.
852 4014 873 4046 c.
882 3994 918 4046 A.
928 4013 986 4045 cum
1000 4014 1049 4064 quo
1064 4014 1153 4066 parurn
1169 4001 1287 4051 convenit
1302 4022 1362 4053 ver·

332 4082 352 4117 ι.
368 4063 444 4116 Unde
456 4070 604 4135 agnoscitur
615 4065 732 4120 bonum?
747 4068 803 4119 Un-
852 4072 913 4123 bum
926 4072 1015 4144 differt
1028 4074 1054 4124 in
1065 4077 1131 4148 sing.
1144 4075 1223 4128 Schoe.

295 4142 327 4192 de
336 4142 442 4210 aliquid
451 4162 561 4212 cognosc.
575 4144 633 4197 bon.
647 4143 704 4197 edd.
716 4144 802 4198 invitia
885 4153 907 4217 4.
918 4147 957 4201 Et
966 4156 994 4201 t'n
1007 4170 1057 4203 sua
1065 4158 1237 4223 proprietate,
1250 4176 1277 4206 o.
1291 4175 1313 4207 c.
1328 4161 1359 4209 A.

295 4220 384 4273 mutia.
396 4220 477 4277 Selm-
852 4228 986 4299 Perparam
1002 4227 1071 4283 deest
1084 4242 1110 4283 et
1120 4232 1178 4283 edd.
1189 4252 1219 4285 ex
1230 4233 1267 4286 Ii.
1280 4233 1358 4288 Scau.
