2950 4934
277 422 522 492 Purslon.
548 420 797 515 STOICOR.
822 423 922 493 LIB.
948 422 1022 491 111.
1119 426 1187 512 645

110 580 205 641 tasse,
229 578 260 625 et
281 566 413 647 populari
433 566 530 647 aliqua
546 566 768 648 presumptione
783 565 850 639 illu,
868 588 927 627 uon
940 539 1060 629 veritate
1074 572 1189 651 scripta.

110 673 206 735 Ratio.
220 678 315 733 eutem
337 673 434 746 dicat,
453 671 593 754 quosdam
617 674 699 733 initio
717 672 890 735 exuberasse
914 697 922 733 ε
945 674 995 735 sed
1015 676 1189 739 admodum

109 778 221 839 deinde
238 786 347 842 certum
364 781 497 854 venisse,
517 800 536 839 a
558 776 667 840 Natura
682 780 897 861 prescriptum,
915 783 944 841 iu
961 802 1052 862 eoque
1068 784 1188 847 stetisse.

110 884 190 945 Saue
204 884 282 965 quod
296 884 332 945 ad
345 884 499 967 Gigantes,
513 884 602 946 inisse
616 882 787 968 aliqnando,
806 900 834 947 et
847 886 925 969 apud
936 891 1047 965 varios,
1062 894 1191 953 omnium

111 992 176 1054 iere
192 992 321 1074 gentium
340 991 464 1053 historiae
481 1006 531 1053 aut
544 992 661 1054 traditio
675 1006 815 1072 testantur
828 1017 837 1054 s
852 1008 881 1055 et
894 996 1021 1077 reliquie
1040 1022 1073 1057 ac
1088 1021 1193 1059 monu-

111 1110 212 1160 menta
226 1100 290 1158 beri
310 1110 339 1158 et
360 1116 470 1181 nuper,
492 1098 523 1161 iu
536 1121 612 1162 novo
627 1102 713 1178 etiam
727 1103 814 1178 orbe,
831 1103 990 1171 certissime
1003 1106 1074 1165 visa.
1093 1106 1193 1188 Neque

112 1206 146 1266 id
159 1207 232 1269 ratio
245 1206 321 1268 diora
335 1208 464 1287 abnuat

462 1434 767 1503 DISSERTATIO
792 1440 853 1502 vl.

114 1616 148 1677 B
165 1617 278 1678 &mire
296 1617 436 1685 Homr'nes
449 1618 629 1699 propagati:
648 1628 677 1678 et
692 1618 766 1677 illud
781 1614 938 1699 dqiniarm.
963 1616 1028 1678 Viri
1043 1620 1193 1696 gerinum
1301 1606 1306 1613 ¹

302 1721 451 1833 dudem!
440 1745 497 1802 non
512 1722 825 1803 itemsoeminoesetdc
838 1724 1004 1805 oiSpriitus.

158 1948 217 2008 sn
239 1947 324 2029 primi
339 1947 427 2029 igitur
440 1947 569 2006 homines
585 1964 602 2005 a
617 1944 680 2007 Deo
694 1957 723 2005 et
738 1944 921 2005 Providentia
936 1944 1043 2005 conditi
1059 1968 1068 2002 ε
1084 1949 1192 2020 secuti,

116 2057 301 2139 generatione
317 2057 475 2139 propagati.
498 2053 654 2115 Generatio
674 2066 788 2129 auteur,
810 2074 863 2135 per
882 2054 996 2114 Samen.
1016 2054 1094 2128 Quid
1109 2054 1195 2136 igitur

115 2160 252 2223 seruent.
265 2163 453 2223 communiter
479 2164 520 2223 ita
537 2162 625 2223 Stoici
645 2161 787 2240 deliniunt
807 2184 816 2221 s
839 2188 853 2215 a
862 2161 947 2236 Quod
963 2174 1064 2243 potens
1084 2152 1196 2245 sit'ge-

117 2292 221 2330 nerare
233 2269 320 2343 talia,
335 2292 352 2329 a
367 2270 446 2351 quali
464 2282 493 2329 et
510 2270 606 2351 ipsmn
628 2280 770 2329 secretrmr
782 2269 829 2327 sit.
842 2294 856 2321 u
872 2266 985 2351 (baert.
1007 2270 1037 2328 in
1054 2268 1196 2350 Zenone.)

119 2379 155 2439 Id
169 2391 229 2452 est,
251 2376 330 2459 quod
343 2379 435 2461 gignit
450 2378 554 2438 similia
569 2378 642 2449 illis,
659 2400 676 2438 a
692 2376 797 2459 quibus
813 2378 907 2458 ipsum
923 2380 1051 2459 genitum
1068 2391 1097 2437 et
1110 2376 1197 2437 avul-

118 2508 193 2545 sum.
218 2484 282 2543 Non
303 2494 346 2543 est
372 2485 460 2566 igitur
474 2482 701 2566 ipsum‘simile,
724 2482 781 2543 nisi
801 2484 958 2563 potentia:
981 2495 1011 2543 et
1026 2483 1092 2544 ideo
1106 2482 1198 2544 Varro

118 2604 219 2675 argute
234 2591 363 2666 derivat,
380 2593 502 2666 Samen,
521 2590 599 2673 quod
613 2613 671 2651 non
689 2590 775 2671 plane
788 2586 819 2651 id
831 2590 911 2672 quod
922 2590 990 2651 iude
1002 2615 1011 2650 ε
1024 2593 1105 2672 quasi
1121 2590 1197 2651 dicat

118 2722 136 2762 a
156 2700 236 2761 Semi
252 2696 376 2774 dietum,
399 2699 477 2781 quod
498 2696 678 2779 aliquomodo
696 2698 770 2772 tale,
793 2720 851 2758 non
873 2718 1000 2780 prorsus.
1025 2694 1087 2758 Etsi
1108 2676 1193 2773 vera,

118 2819 209 2888 puto,
227 2804 367 2866 derivatio
381 2807 442 2865 er'at
457 2828 473 2864 a
488 2804 566 2875 Sero,
582 2805 665 2885 quasi
678 2802 814 2869 Senium.
832 2802 901 2865 Haec
918 2800 955 2865 de
971 2802 1048 2864 omni
1062 2805 1196 2865 Semina:

120 2925 150 2971 at
165 2911 203 2971 de
216 2907 353 2971 Humano
369 2911 565 2992 peculiariter,
579 2910 633 2969 ista
648 2909 678 2969 in
693 2907 827 2970 Zenoniis
843 2910 920 2970 scitis
939 2932 947 2969 t
969 2938 983 2965 c
994 2908 1128 2969 Hominis
1145 2906 1198 2969 Se-

119 3039 207 3093 men,
227 3020 305 3099 qood
325 3019 387 3100 ipse
403 3017 525 3089 emittit,
548 3038 613 3076 cnm
637 3015 767 3077 Humido
790 3015 902 3077 misceri
923 3016 1032 3106 Animae
1050 3018 1196 3100 partibus,

119 3110 279 3187 secundum
293 3124 462 3185 mixtionem
477 3124 595 3184 rationis
607 3123 831 3206 progenitorum.
845 3122 917 3183 Esse
929 3120 960 3183 id
971 3120 1149 3206 Chrysippus
1160 3126 1199 3183 ait

118 3230 276 3313 Spiritum,
291 3231 369 3312 quod
381 3232 422 3293 ad
437 3231 607 3300 essentiam
620 3229 708 3310 idque
719 3250 858 3312 apparere
873 3248 909 3290 ex
923 3230 1080 3291 seminibus
1093 3231 1123 3291 in
1137 3242 1199 3291 ter-

120 3358 183 3401 ram
196 3340 298 3419 jactis,
316 3361 379 3421 quae
395 3348 491 3399 vetera
505 3358 563 3396 non
574 3337 697 3419 gigniint
709 3360 718 3395 z
732 3336 841 3397 scilieet
852 3338 995 3420 exspirata
1004 3336 1062 3418 lam
1073 3336 1120 3398 illa
1131 3340 1159 3399 vi
1170 3351 1209 3398 et.
1266 3420 1269 3427 .

120 3446 266 3508 facultate.
283 3445 308 3505 d
323 3446 389 3506 totis
404 3444 571 3526 corporibus
586 3442 617 3503 id
632 3442 761 3504 defluere
777 3443 908 3527 Sphaems
926 3444 1016 3506 dicit:
1033 3442 1156 3529 ideoque
1170 3462 1200 3509 et

120 3564 221 3616 omnes
235 3554 361 3638 corporis
377 3566 471 3635 partes
485 3552 614 3635 gignere.
631 3548 762 3612 Mulieris
775 3564 869 3612 autem
884 3572 983 3613 semen
1001 3552 1197 3615 infoecundurn
1214 3620 1215 3627 χ

122 3685 203 3737 esse,
218 3674 332 3744 utpote
346 3662 454 3743 Spiritu
474 3680 533 3718 noa
556 3660 714 3733 intensum,
736 3672 765 3719 et
781 3659 926 3721 modicum
948 3662 1034 3736 item,
1057 3675 1085 3722 et
1105 3684 1198 3745 aquo-

121 3794 197 3830 sum.
210 3797 225 3824 u
242 3766 369 3852 (baert,
389 3767 529 3851 ib.)1{aec
549 3766 635 3827 Stoici
655 3766 802 3827 breviter:
817 3768 1000 3833 illustremus.
1020 3770 1086 3844 Ait,
1104 3798 1118 3824 u
1133 3792 1198 3833 cum

122 3875 252 3938 Humido
269 3877 389 3935 mixtum
404 3873 512 3934 Animae
527 3873 655 3955 partibus
669 3896 743 3934 esse.
758 3902 772 3927 u
790 3872 967 3953 Omnibusne
981 3876 1090 3935 Animae
1104 3878 1199 3959 parti-

121 3982 198 4047 bus?
215 4007 271 4044 non
290 3983 408 4065 opinor,
427 4004 464 4041 ex
479 3994 640 4041 nostrorum
656 3994 767 4063 sensit:
784 4004 842 4041 non
864 3995 940 4042 certe
957 3980 1119 4059 Raiionali,
1136 4006 1199 4067 quae

122 4102 238 4173 postea,
251 4104 280 4149 et
289 4088 416 4162 aliunde,
430 4088 548 4148 accedit.
564 4088 634 4148 Mox
645 4088 817 4147 videbimus.
831 4086 887 4147 Sed
899 4086 985 4149 Stoici
996 4103 1089 4173 partes
1100 4093 1200 4151 animas

122 4209 187 4271 octo
201 4198 309 4258 iaciunt
325 4220 333 4254 ε
350 4196 473 4275 reliquas
489 4191 556 4254 licet
569 4188 677 4253 Semini
692 4195 819 4267 inseras,
838 4194 890 4259 hac
908 4211 1036 4280 excepta.
1063 4226 1076 4251 u
1090 4198 1199 4275 Secun-¹
