2950 4934
258 451 506 521 inustor..
531 448 780 520 srurcou.
808 447 903 520 cru.
929 449 956 516 1.
1075 449 1141 545 493

81 595 222 682 cappla
241 623 256 650 ιι
273 596 378 656 Melius
400 595 486 676 igitur
500 592 657 653 Stoicorum
677 593 804 652 omnium
826 591 1004 652 acutissimus
1017 591 1143 670 Seneca,

80 706 129 784 qui
142 703 213 763 vidit
225 701 298 762 nihil
311 700 390 760 alind
407 699 545 760 Naturam
557 719 639 773 esse,
652 719 739 779 qrram
755 699 859 758 Deum.
877 723 890 750 ι
910 699 1008 779 Ipsum
1023 697 1076 759 boc
1091 701 1146 760 Pli-

81 812 144 868 nius
155 808 225 890 (lib.
244 808 291 882 ΙΙ,
308 829 373 888 cap.
391 805 448 889 7),
464 806 620 887 plurimum
635 826 703 865 sane
717 804 826 864 Stoicus
843 828 853 862 a
871 831 886 858 ιι
905 804 1072 867 Declaratur
1085 806 1147 868 Na-

80 928 147 975 tura
157 915 300 996 muntia,
317 913 405 994 idque
417 934 479 973 esse
489 912 567 994 quod
578 913 672 972 Deum
686 932 830 973 vocamus.
847 937 861 966 ιι
876 909 914 972 Et
920 912 1026 972 'iterum
1039 936 1047 973 a
1062 941 1076 967 ιι
1089 916 1145 974 Hic

80 1033 122 1081 est
136 1022 228 1094 Deus,
246 1043 298 1101 per
313 1042 400 1101 quom
421 1020 589 1101 intelligitur
604 1019 722 1094 eadem,
745 1031 774 1078 et
786 1039 890 1100 parens
909 1041 1005 1080 retum
1019 1023 1147 1082 omnium

79 1139 109 1186 et
121 1127 270 1208 magistra,
287 1126 404 1191 Natura.
421 1151 436 1176 ιι
453 1123 510 1184 Sed
524 1125 554 1183 iu
569 1125 664 1184 verbis
679 1124 817 1186 Luctantii
828 1126 917 1186 'etiam
934 1137 1010 1201 erat,
1029 1153 1043 1179 ιι
1056 1126 1147 1187 Mun-

80 1230 147 1290 dum
162 1252 179 1289 a
192 1229 291 1289 Stoicis
312 1229 450 1290 Naturam
469 1231 606 1290 vocari.»
630 1229 714 1305 Quod
733 1251 834 1290 verum
856 1243 919 1305 est,
942 1243 975 1291 ut
988 1233 1019 1290 in
1040 1231 1146 1294 Seneca

77 1336 209 1417 (consol.
221 1336 259 1396 ad
267 1336 353 1396 Helv.
367 1358 433 1417 cap.
445 1333 485 1416 8)
500 1359 508 1393 τ
525 1361 539 1388 ιι
551 1335 738 1417 Quocumque
748 1339 927 1409 venerimus,
940 1337 1039 1397 eadem
1050 1331 1146 1400 rerum

77 1449 184 1508 Natura
198 1447 336 1508 nundum
354 1461 407 1506 est.
424 1474 439 1499 ιι
457 1447 550 1507 Plinio
564 1444 635 1528 (lib.
651 1447 701 1521 ΙΙ,
719 1469 783 1529 cap.
807 1447 841 1530 r)
857 1473 865 1509 a
884 1475 898 1502 ιι
913 1448 1051 1530 idemque
1065 1473 1147 1511 mun·

78 1555 132 1614 dus
146 1577 241 1614 rerum
260 1554 374 1614 Naturae
390 1575 479 1634 opus,
497 1564 526 1611 et
547 1572 643 1611 rerum
658 1554 721 1632 ipsa
739 1551 858 1612 Natura.
876 1579 890 1605 ιι
907 1553 984 1628 Quid
998 1555 1061 1614 itai
1080 1558 1146 1637 quia

75 1659 205 1719 Mundus
216 1671 272 1719 eta
284 1659 345 1718 Deo
355 1657 576 1740 primaNatura'
586 1656 676 1716 iactus
687 1670 730 1718 est
742 1682 749 1729 ;
761 1671 789 1718 ct
802 1659 865 1739 ipse
878 1659 919 1716 illi
931 1661 1069 1734 insertus,
1082 1660 1148 1722 iacit

75 1765 219 1824 Mundum
241 1763 297 1823 dici
319 1766 423 1825 Deum.
448 1762 634 1824 Consuuduut
656 1765 762 1846 igitur,
785 1777 819 1824 ut
841 1763 978 1825 Manilius
994 1764 1070 1847 (lib.
1085 1767 1145 1850 l),

74 1872 288 1933 obscuriusculo
305 1872 387 1932 aliter
400 1893 490 1954 ‘versu
503 1894 511 1929 a

238 1983 877 2052 mensquedatumestcogimdcogerettundo:

73 2092 155 2173 quod
171 2105 235 2164 est,
257 2090 408 2151 Materiam
430 2093 510 2174 pati;
534 2089 627 2152 Deum
649 2115 751 2176 agere,
776 2093 825 2174 qui
841 2092 945 2153 dicitur
966 2107 994 2154 et
1006 2093 1144 2158 Mundus.

72 2205 170 2279 Atque
185 2197 285 2257 eadem
307 2199 360 2257 ista
376 2197 483 2256 Natura
499 2216 614 2287 rerum,
633 2197 794 2259 &mutuatis
808 2201 892 2260 ctiam
907 2199 1006 2260 Stoicis
1021 2200 1145 2276 dicitur,

73 2318 107 2364 nt
122 2327 140 2364 a
158 2305 324 2364 Particulari
346 2306 484 2384 cujusque
501 2304 542 2362 rei
564 2303 730 2386 abjungunt.
757 2304 803 2364 Sic
826 2305 932 2367 Seneca
945 2306 959 2390 (
973 2309 1087 2369 Consul.
1111 2309 1149 2369 ad

72 2414 162 2474 Helv.
180 2434 246 2493 cap.
262 2410 302 2493 8)
318 2435 328 2470 ε
347 2438 361 2465 ιι
374 2411 440 2471 Duo
453 2431 506 2470 nos
522 2410 733 2492 pulcherrima,
755 2435 937 2495 quocumque
951 2417 1145 2490 movebimur,

70 2531 251 2598 sequentur,
262 2517 370 2577 Nauna
381 2517 546 2576 Communis
561 2529 589 2576 et
603 2518 718 2598 propria
728 2517 838 2577 Virtus.
857 2545 870 2571 ιι
884 2518 1060 2602 Chrysippus
1070 2521 1148 2603 apud

71 2622 260 2685 Plutarchum
280 2648 289 2683 a
312 2651 326 2677 ιι
339 2622 423 2699 Quod
442 2624 467 2682 si
487 2624 582 2704 aliqua
598 2624 763 2683 Communis
783 2623 909 2697 Natura,
932 2639 961 2684 ct
982 2627 1146 2686 Communis

71 2732 162 2790 etiam
175 2730 264 2810 ipsius
274 2729 388 2789 Naturae
403 2728 505 2802 Ratio,
521 2751 575 2788 nec
588 2727 744 2809 Antipodas
756 2729 872 2810 quidem
886 2731 964 2791 latet.
980 2758 994 2784 ιι
1008 2731 1144 2793 Observa.

70 2837 243 2896 Communis
257 2847 299 2894 est
313 2835 445 2910 Natura,
465 2848 551 2916 atque
572 2837 657 2895 etiam
673 2836 755 2896 Ratio
777 2837 805 2894 in
823 2858 857 2895 ea
877 2837 1063 2912 Communis,
1086 2863 1148 2922 quae

69 2943 173 3001 omnia
191 2940 294 3024 digerit
307 2954 335 3001 et
350 2940 462 3001 format.
477 2941 575 3024 longe
585 2926 662 3001 enirn
672 2941 758 3000 Stoici
769 2943 858 3002 nostri
875 2942 910 3001 ab
927 2943 999 3017 illis,
1012 2945 1061 3024 qui
1074 2945 1147 3003 bru-

69 3061 133 3106 tam
144 3047 271 3126 aliquam
281 3059 310 3106 et
318 3048 379 3106 sine
390 3068 476 3106 sensu
485 3047 621 3105 Natruam
632 3047 812 3120 staurehant,
830 3049 925 3107 omnia
936 3048 1100 3130 gignentem
1114 3073 1146 3109 ac

68 3167 301 3215 conservantem.
316 3153 396 3213 Inter
410 3175 481 3234 qnos
492 3153 584 3213 Strato
596 3150 733 3234 Physicus
744 3153 865 3228 nobilis,
882 3154 958 3236 apud
970 3155 1147 3218 Lactantium

67 3261 146 3343 (lib.
161 3260 207 3321 De
219 3260 265 3319 Ira
278 3260 332 3318 Dei
344 3303 353 3333 ,
365 3282 429 3341 cap.
448 3257 503 3341 ιο)
516 3284 524 3319 a
541 3287 554 3313 ιι
567 3259 683 3319 Habere
693 3261 831 3320 Naturam
843 3263 873 3320 in
890 3283 921 3322 se
938 3263 995 3323 vim
1010 3266 1147 3348 gignendi

68 3381 102 3427 et
121 3365 298 3440 minuendi,
315 3364 366 3425 sed
388 3388 451 3426 eam
465 3388 517 3427 nec
534 3387 650 3426 sensum
663 3365 770 3426 habere
790 3367 897 3442 ullum,
913 3390 967 3428 nec
985 3370 1114 3452 liguram.
1133 3398 1145 3422 »ι

66 3474 159 3533 Idem
172 3494 295 3555 magnus
316 3472 365 3532 ille
381 3472 572 3553 Hippocrates
592 3471 705 3532 videtur
726 3473 870 3532 censuisse
887 3471 1117 3558 (VIEpidem.)
1138 3500 1146 3536 ε

68 3610 85 3634 ι
105 3580 243 3653 Invenit,
265 3579 376 3658 inquit,
399 3579 460 3658 ipsa
474 3578 529 3636 sibi
547 3577 654 3637 Natura
671 3578 733 3637 vias
750 3599 808 3637 uon
829 3599 865 3638 cx
881 3580 1104 3639 ratiocinatione.
1132 3605 1146 3631 ιι

65 3682 109 3746 Et
119 3687 250 3745 iterum:
268 3711 282 3737 ιι
297 3683 416 3744 Inducta
430 3695 474 3742 est
482 3683 602 3756 Natura,
618 3660 654 3744 eit
668 3685 761 3765 seipsa
770 3705 857 3766 gnara
870 3662 966 3743 eorum
982 3705 1044 3764 quae
1056 3684 1150 3744 iacere

63 3793 176 3853 debet.
193 3818 209 3845 ιι
226 3789 354 3850 Profecto
365 3790 395 3849 hi
406 3790 477 3850 tales
491 3792 675 3850 Divinitatem
687 3791 853 3850 concutiunt
864 3803 912 3849 aut
924 3802 1055 3850 evertunt
1070 3815 1078 3850 ε
1094 3818 1107 3845 ιι
1121 3803 1150 3850 ct

62 3921 167 3983 quum
177 3898 284 3957 vellent
294 3897 466 3978 persuadere
478 3923 491 3949 ιι
503 3940 511 3971 ,
524 3897 564 3954 ait
574 3895 737 3955 Lactantius
747 3896 811 3978 (lib.
826 3897 881 3968 ΙΙΙ,
893 3917 956 3977 cap.
972 3893 1042 3980 28),
1055 3926 1068 3950 ιι
1080 3897 1151 3956 nibil

63 4027 137 4065 esse
147 4002 248 4064 divina
257 4014 354 4063 mente
363 4000 537 4084 perlectum,
550 4001 687 4061 Naturam
699 4001 833 4061 dixerunt
843 4021 904 4062 esse
915 4023 1009 4060 rerum
1023 4005 1150 4063 omnium

58 4125 197 4174 matrem
213 4133 222 4169 a
238 4111 321 4192 quasi
335 4109 481 4182 dicerent,
497 4109 594 4168 omnia
607 4131 658 4168 sua
675 4119 777 4190 sponte
790 4113 852 4168 esse
868 4121 944 4168 nata.
962 4137 975 4161 ιι
995 4107 1032 4169 Et
1047 4109 1083 4169 de
1101 4111 1152 4168 iis-

60 4221 139 4282 dem
156 4219 227 4301 ipsis
245 4241 254 4278 a
275 4244 290 4272 ιι
311 4215 461 4278 Probabile
475 4228 539 4289 est,
557 4216 708 4296 inquiunt,
725 4214 876 4276 Materiam
891 4237 985 4278 rerum
1002 4227 1032 4277 et
1046 4215 1151 4277 habero
1272 4225 1274 4231 ’
