2950 4934
305 439 387 518 '166
616 451 657 516 L.
684 449 861 517 ANNAEI
885 448 1098 518 SENECAE

317 580 428 648 locum
440 608 448 666 ς
465 580 544 649 vide
560 595 688 662 tamen,
705 604 807 672 quam
821 581 944 650 multos
958 582 1157 665 antecedat,
1175 585 1234 674 qni
1248 607 1268 649 a
1282 585 1387 653 tribus

317 697 480 779 vincitur,
502 711 537 764 et
556 695 665 762 tribus
686 695 983 787 eloquentissimis.

366 808 433 878 Sed
460 834 530 877 non
556 825 693 903 praestat
720 812 855 895 omnia3
878 826 1019 879 nonest
1040 810 1136 878 fortis
1161 812 1269 878 oratio
1289 813 1382 905 ejus,

317 928 472 1018 quamvis
486 927 572 994 elata
586 929 650 1012 sit3
666 949 736 994 non
749 943 800 994 est
813 926 981 1008 violenta,
998 951 1062 995 nec
1074 945 1220 1009 torrens,
1236 931 1388 1019 quamvis

317 1042 423 1112 effusa
441 1044 504 1127 sit3
526 1067 596 1113 non
620 1059 671 1112 est
691 1045 872 1136 perspicua
883 1055 907 1127 ¹,
927 1043 989 1112 sed
1004 1068 1104 1137 pura.
1122 1045 1318 1132 Desideres,
1335 1046 1389 1112 in-

318 1160 416 1250 quis,
436 1176 553 1230 contra
572 1160 655 1228 vitia
678 1160 810 1252 aliquid
834 1184 954 1253 aspere
975 1161 1064 1245 diei,
1093 1177 1212 1228 contra
1236 1160 1389 1254 pericula

316 1277 487 1360 animose,
510 1293 628 1346 contra
650 1275 822 1347 fortunam
837 1277 1014 1370 superbe,
1034 1293 1155 1346 contra
1170 1277 1388 1346 ambitionem

316 1387 555 1461 contumeliose
580 1419 587 1458 :
608 1391 686 1460 volo
708 1391 874 1460 luxuriam
899 1393 1096 1488 objurgari,
1119 1393 1298 1462 libidinem
1316 1411 1389 1461 trs·

316 1505 415 1591 duci,
435 1507 666 1599 impotentiam
685 1506 817 1598 frangi3
833 1508 878 1574 sit
895 1506 1025 1598 aliquid
1041 1510 1189 1576 oratorie
1204 1531 1302 1588 aere,
1317 1523 1389 1575 tra-

318 1625 393 1715 gice
412 1623 562 1718 grande,
584 1625 711 1692 comice
731 1622 955 1692 exile-Vis
974 1625 1070 1693 illum
1087 1623 1238 1694 assidere
1257 1625 1388 1718 pusillae

317 1740 389 1822 rei,
408 1737 548 1809 verbis?
563 1740 625 1808 Ille
640 1763 754 1809 rerum
768 1764 805 1808 se
820 1740 1047 1834 magnitudini
1061 1739 1207 1828 addixit3
1222 1741 1389 1832 eloquen-

318 1856 419 1939 tiam,
442 1857 534 1926 velut
556 1857 728 1938 umbram,
749 1880 817 1925 non
836 1855 903 1925 hoo
926 1881 1054 1951 agens,
1075 1858 1285 1926 contrabit².
1310 1859 1389 1924 Non

317 1987 420 2040 erunt
433 1973 506 2040 sine
519 1970 624 2040 dubio
638 1973 772 2065 singula
785 1975 1046 2066 circumspecta,
1060 1975 1172 2042 necin
1183 1997 1219 2042 se
1231 1974 1385 2053 oolleem,

317 2109 383 2156 neo
400 2111 499 2156 omne
517 2088 668 2160 verbum.
684 2090 842 2158 excitabit
865 2114 906 2160 oo
930 2107 1078 2184 punget,
1101 2090 1228 2175 fateor3
1247 2088 1390 2157 exibunt

317 2204 435 2291 multa,
447 2231 511 2275 nee
522 2199 679 2289 serione,
692 2224 727 2275 et
740 2207 910 2276 interdum
924 2209 1029 2277 otiosa
1042 2208 1301 2302 praeterlabetur
1309 2230 1389 2275 ora·

315 2325 363 2390 tio
382 2350 389 2388 :
407 2325 466 2393 sed
484 2317 647 2394 multum⁴
670 2327 735 2393 orit
754 2324 790 2394 in
807 2323 966 2394 omnibus
985 2319 1103 2407 lucis⁵,
1122 2324 1157 2393 et
1175 2326 1298 2419 iugens
1314 2325 1389 2392 sine

317 2437 417 2505 taedio
436 2439 594 2530 spatium.
617 2440 775 2530 Denique
791 2437 877 2507 illud
892 2438 1086 2532 praestabit,
1105 2456 1144 2507 ut
1159 2440 1288 2530 liqueat
1302 2437 1386 2519 tibi,

316 2551 411 2618 illum
432 2554 575 2621 sensisse
595 2577 671 2644 quse
689 2554 837 2645 scripsit.
857 2553 1032 2647 intelliges
1050 2553 1116 2621 hoe
1133 2567 1267 2633 aetum,
1287 2566 1328 2619 ut
1351 2568 1389 2623 tu

316 2671 439 2750 scires,
462 2669 545 2761 quid
568 2669 616 2737 illi
638 2671 811 2763 placeret3
831 2695 899 2738 non
927 2687 965 2738 ut
986 2670 1045 2738 ille
1063 2671 1215 2764 placeret
1235 2668 1311 2737 tibi.
1333 2668 1390 2737 Ad

316 2785 503 2878 profectum
519 2787 629 2854 omnia
643 2786 804 2865 tendunt,
822 2787 868 2856 ad
883 2787 1005 2856 boum
1023 2801 1169 2857 mentem
1182 2817 1192 2874 3
1211 2811 1281 2856 nou
1296 2811 1392 2879 qute-

262 2937 290 2972 12
316 2903 405 2970 nitur
417 2901 567 2997 plausus.
582 2901 679 2972 Talia
697 2927 770 2972 esse
785 2905 911 2996 scripta
929 2903 1002 2998 ejus
1020 2929 1087 2972 non
1106 2904 1241 2988 dubit03
1255 2905 1388 2972 etiamsi

315 3121 378 3194 Epp.
398 3137 455 3187 xit,
467 3136 527 3173 xxxi
541 3163 549 3188 ,
563 3137 667 3184 txxxrr,
682 3135 731 3174 cn.
743 3120 825 3175 Schts.
874 3140 917 3175 me
930 3141 977 3174 son
989 3123 1095 3187 ombre,
1111 3142 1174 3176 sons
1187 3124 1257 3190 qu's‘l
1266 3140 1288 3191 y
1298 3140 1389 3191 pense.

352 3217 372 3252 ι.
389 3201 450 3252 Non
466 3212 506 3252 est
519 3203 671 3269 perspicua,
689 3203 737 3252 sed
749 3219 826 3269 pura.
910 3199 933 3251 3.
940 3199 1065 3252 Exibunt
1071 3203 1223 3265 multo‚nec
1221 3198 1329 3271 ferient.
1338 3201 1389 3252 Lo-

316 3277 349 3329 ll.
369 3299 391 3328 e.
405 3297 459 3336 non
472 3277 549 3330 nimis
568 3290 655 3330 ornate
674 3277 825 3331 translucida
874 3278 943 3332 sotio
956 3278 1027 3331 dueta
1040 3299 1053 3330 a
1064 3277 1261 3350 gladiatoribus,
1276 3297 1390 3348 qnorum

316 3368 365 3420 est,
379 3355 424 3407 sed
440 3355 553 3408 nativam
569 3355 759 3424 simplieitatem
774 3355 827 3408 ba·
873 3375 965 3408 manus
977 3363 1052 3410 exire
1062 3354 1195 3423 dicuntur,
1207 3375 1286 3426 quum
1297 3367 1390 3428 parant

314 3431 363 3485 bet.
379 3431 416 3484 Cl.
430 3433 530 3486 Ernesti
546 3452 567 3485 s.
583 3453 608 3485 v.
618 3433 715 3485 Purus.
726 3433 825 3506 Lipsius
873 3436 957 3488 ferire.
969 3434 1043 3504 lips.

312 3531 365 3563 non
379 3521 418 3564 est
427 3515 564 3580 perspicuo
576 3509 607 3563 de
617 3510 767 3564 obscuritate
776 3510 823 3562 in·
906 3515 929 3579 4.
944 3511 1000 3566 Sed
1013 3517 1128 3566 multum
1148 3516 1197 3566 era‘t
1213 3516 1243 3564 in
1263 3511 1390 3564 omntbm

313 3587 426 3662 telligere
445 3589 564 3654 mavult,
587 3608 675 3660 parum
694 3601 822 3654 attentus,
871 3591 989 3644 lucta...
1005 3592 1127 3658 spatium.
1143 3589 1225 3643 Multa
1240 3589 1388 3649 landast,

313 3669 417 3740 opinor,
432 3669 464 3720 ad
476 3667 675 3742 oppositionem,
690 3687 766 3738 quarn
776 3669 825 3720 sed
871 3668 958 3720 omnia
971 3668 1037 3721 clara
1054 3680 1080 3721 et
1094 3681 1176 3742 aperta
1191 3680 1266 3732 sunt,
1283 3680 1309 3720 et
1324 3687 1389 3739 per-

309 3767 378 3815 pura
388 3747 495 3802 exbibet.
505 3746 594 3798 aaut.
871 3766 984 3811 currere,
1003 3747 1133 3820 perlegere
1148 3761 1218 3821 potes
1233 3749 1323 3800 omnia
1332 3747 1391 3799 aine

346 3849 368 3878 r.
383 3826 599 3896 Eloquentiam...
618 3825 753 3879 contradit.
771 3825 822 3877 Se·
869 3825 1089 3896 tsedio,qnode1
1103 3825 1251 3878 obscuritate
1263 3839 1311 3876 ete.
1324 3825 1390 3877 oriri

311 3923 368 3962 enm
389 3903 465 3961 trahit
478 3903 663 3974 eloquentiam,
675 3921 822 3973 quanquam
870 3902 940 3955 solet.
949 3903 1047 3977 Lipsius
1056 3904 1251 3975 intelligitlsoeis
1261 3903 1391 3974 desplen-

311 4003 364 4034 non
379 3982 429 4035 hoe
441 3995 513 4055 agat,
532 4003 584 4034 non
605 3982 654 4034 hoe
672 3992 778 4034 conetur
793 3995 822 4034 nt
870 3981 932 4033 dore
944 3994 969 4033 et
979 3981 1111 4056 dignitate.
1123 3981 1214 4034 Raht.

311 4062 432 4132 eloquens
444 4061 486 4124 sit,
505 4061 570 4114 sieut
585 4060 718 4113 nobiscnm
734 4059 820 4111 trabi-
904 4063 926 4112 5.
934 4058 1022 4112 Lucis.
1035 4059 1109 4112 lisele
1124 4059 1231 4134 proebnit
1245 4061 1288 4113 ed.
1297 4060 1388 4113 Ruth.

310 4160 366 4191 mus
375 4140 491 4194 umbram
503 4140 583 4194 inscii.
596 4141 657 4194 Ideo
669 4139 732 4192 bene
745 4139 820 4192 vertit
869 4156 928 4190 enm
936 4137 1025 4190 msstis.
1035 4137 1190 4192 blandosum
1199 4141 1262 4192 loris
1270 4161 1300 4193 es
1309 4159 1388 4211 snpe-

309 4221 464 4288 Lagmrsge:
475 4218 643 4287 L'eloquenee
651 4222 677 4270 le
685 4220 737 4270 suit
748 4239 818 4271 com·
868 4215 978 4270 rioribus
989 4216 1057 4270 editt.
1070 4217 1174 4272 adbaesit
1183 4218 1222 4270 ed.
1233 4218 1330 4271 Mattb.
1337 4218 1370 4272 S.
