2950 4934
297 419 365 506 aar
389 453 401 501 ;
649 415 813 503 ,Jus'rr
837 415 998 484 mrsu

297 560 406 634 ardua,
423 559 524 620 sedita
532 579 580 618 me
593 559 687 633 Deus,
704 558 840 640 pulehra,
856 558 1022 640 splendida,
1035 572 1153 640 augusta
1165 558 1365 642 aggredimur:

296 689 359 749 quas
374 677 470 726 autem
483 686 549 723 cum
563 662 713 738 Lucretio,
728 666 761 738 I,
777 663 837 750 49,

443 778 593 829 Jamtihidc
603 779 1022 847 mmmceliratione,deumque,

449 873 568 922 bissem
579 871 695 940 incipiam
703 908 711 933 ,
721 879 747 922 et
756 889 837 922 rerum
845 871 980 939 prinmrdia
989 869 1106 940 pandam.

334 973 404 1032 llaec
418 973 495 1032 enirn
510 971 708 1053 Philosophia,
724 985 753 1032 et
766 974 923 1055 praesertim
937 971 1131 1056 Physiologia,
1148 971 1299 1054 promittit.

337 1082 398 1141 Seis
412 1100 499 1162 porro
512 1092 540 1138 et
555 1079 675 1154 audisti,
690 1081 765 1138 trina
780 1101 841 1138 esse
858 1077 1045 1160 Philosophiae
1059 1079 1209 1164 membra,
1222 1075 1364 1154 lagitate.

295 1188 466 1268 Physicom,
483 1186 616 1248 Ethr'cam
630 1233 637 1256 ,
652 1187 752 1247 ordine
765 1186 914 1248 tractanda
928 1208 936 1244 a
949 1187 1001 1247 sed
1015 1208 1090 1266 quo,
1106 1185 1263 1246 dubitatum
1281 1182 1368 1242 laer-

297 1295 354 1352 tius
369 1293 477 1354 Stoicos
487 1295 563 1375 ipsos
577 1292 728 1352 dissentire
746 1293 821 1352 inter
834 1314 865 1354 se
875 1293 915 1352 ait
927 1291 977 1373 (iu
990 1290 1138 1373 Zenone)=
1155 1317 1168 1342 n
1182 1287 1219 1348 Et
1231 1289 1365 1369 quosdam

294 1400 406 1457 mixtim
421 1397 471 1456 has
488 1397 585 1456 Partes
598 1395 658 1479 (ulii
673 1396 779 1472 locos,
796 1399 843 1458 alii
856 1399 988 1480 Species,
1003 1397 1118 1480 quidam
1134 1395 1252 1456 Genera
1265 1394 1368 1476 appel-

294 1503 403 1585 larunt)
419 1503 531 1564 tradere
542 1525 575 1562 ac
586 1504 707 1577 docere,
724 1505 774 1584 qui
786 1517 903 1564 censent
915 1505 1000 1564 etiarn
1012 1505 1086 1562 inter
1100 1523 1131 1562 se
1144 1500 1277 1561 confusas
1289 1502 1368 1560 mix-

295 1624 396 1692 tosque
411 1632 483 1670 esse.
500 1611 557 1670 Alii
575 1610 722 1682 dividunt,
742 1611 852 1690 iuquit,
869 1622 898 1669 et
913 1611 1035 1692 primam
1051 1607 1183 1692 logicam
1195 1621 1323 1668 stamunt
1335 1630 1366 1666 ar

295 1718 415 1788 docent,
429 1717 496 1777 dein
504 1715 653 1797 Physiram
665 1728 825 1797 ;postremo
833 1713 963 1774 Ethicam
976 1717 1065 1796 ipsam
1080 1741 1087 1774 ι
1101 1738 1163 1796 quae
1176 1716 1317 1774 sententia
1327 1727 1366 1774 est

294 1823 435 1898 lenonis,
450 1822 618 1905 Chrysippi,
635 1821 810 1882 Archidemi.
828 1821 884 1880 Alii
899 1834 994 1881 autern
1006 1821 1042 1880 nh
1059 1819 1160 1880 Ethica
1171 1820 1322 1894 inchoant,
1337 1833 1367 1879 ut

295 1931 436 2010 Diogenes
446 1953 454 1999 ;
464 1930 511 1986 alii
522 1927 596 1986 hane
605 1928 732 1987 secundo
743 1929 805 1987 loco
820 1927 1010 2000 constituunt,
1022 1938 1054 1985 ut
1065 1928 1264 2010 Apollodorus.
1283 1925 1368 1987 Porro

294 2047 389 2095 autern
405 2034 544 2094 Panaetius
559 2048 587 2094 et
603 2033 771 2094 Posidonius
785 2055 801 2092 a
818 2032 938 2114 Physica
953 2033 1065 2092 initium
1079 2048 1211 2094 sumunt*
1221 2061 1236 2086 ι·
1252 2035 1323 2093 Hae
1339 2036 1366 2092 io

297 2139 409 2200 laertio
420 2142 458 2199 ita
467 2141 563 2222 leges,
577 2152 657 2220 parte
667 2161 725 2198 una
735 2139 923 2220 ambigenda,
936 2159 998 2218 ane
1010 2151 1051 2198 est
1065 2138 1102 2199 de
1117 2137 1284 2220 Chrssrppo.
1297 2139 1367 2199 Nam

291 2249 351 2328 ipsa
368 2249 431 2326 ejus
445 2248 532 2305 verba
546 2248 575 2304 in
592 2245 743 2306 Plutarcho
764 2245 852 2304 hahes
867 2243 917 2325 (de
932 2244 1019 2306 Stoie.
1040 2246 1163 2328 pugnis,
1182 2243 1296 2326 initio),
1320 2247 1367 2304 uhi

292 2349 426 2411 Ethicnm
439 2352 558 2411 secundo
574 2353 633 2411 loco
646 2351 719 2410 tradi
736 2353 815 2424 vult,
828 2362 860 2409 ut
871 2351 1077 2430 Apollodorum
1094 2374 1151 2410 non
1165 2363 1261 2411 autem
1270 2353 1364 2418 urob.

295 2471 327 2517 nt
340 2456 386 2515 hie
404 2455 516 2516 Laertio
529 2458 677 2540 scriptum.
694 2456 751 2518 Sed
766 2457 895 2538 plerique
909 2469 1005 2516 tamen
1019 2457 1174 2537 Physicom
1191 2459 1292 2518 ultimo
1307 2458 1368 2518 loeo

293 2573 443 2621 statuuntr
457 2575 486 2621 et
500 2564 529 2622 in
543 2563 604 2645 ipsa
616 2561 735 2642 Physica
746 2563 840 2622 locum
853 2562 889 2622 de
899 2561 962 2622 Dr‘is
975 2563 1107 2622 ultimum
1121 2586 1130 2622 s
1147 2591 1160 2617 ι
1174 2562 1317 2644 Ideoque,
1330 2566 1369 2624 ait

294 2662 471 2746 Chrysippus
487 2661 616 2745 (ibid),
636 2676 664 2722 et
681 2663 796 2722 Teletos
819 2661 865 2743 (ea
888 2683 943 2722 vox
967 2659 1074 2720 Grecis
1090 2661 1191 2723 Frirem
1212 2665 1366 2746 significat,

291 2769 420 2849 itemque
432 2769 583 2829 Sacrorum
602 2768 781 2837 iaffiots'ones,
799 2777 828 2827 et
841 2765 923 2848 η’ίω)
936 2767 1133 2850 appellarunt,
1151 2768 1318 2829 traditiones
1332 2769 1369 2828 de

292 2877 414 2935 Divinis.
427 2901 442 2928 n
454 2875 524 2934 Hae
536 2874 575 2934 ita
584 2873 626 2932 illi
640 2897 648 2932 a
661 2875 744 2932 nohis
756 2875 787 2932 in
800 2873 947 2948 dissensu,
961 2871 1077 2932 Panaetii
1088 2887 1116 2934 et
1129 2873 1290 2950 Posidonii,
1307 2899 1370 2936 ma-

294 3003 415 3063 gnorum
427 2994 585 3055 auctorum,
594 2981 734 3041 sententia
744 2981 870 3062 placeat,
881 2993 909 3040 et
916 2981 1091 3040 consentiam
1104 2982 1279 3064 scissamque
1289 2983 1370 3064 Pty-

292 3088 354 3146 sieo
367 3087 460 3168 primo
474 3087 537 3146 loeo
551 3085 635 3144 tradi.
657 3084 813 3145 Puerisue?
828 3107 884 3145 non
899 3086 1076 3146 mehercules
1091 3111 1099 3146 =
1115 3087 1165 3147 sed
1179 3089 1229 3168 qui
1243 3089 1369 3170 paullum

295 3194 462 3252 maturiores
477 3177 513 3252 ad
527 3192 707 3272 disciplinam
722 3192 796 3252 hanc
811 3193 960 3253 accedunt.
978 3193 1117 3276 Voluptas
1129 3195 1158 3252 in
1172 3217 1205 3254 ea
1216 3207 1299 3276 parte
1308 3218 1370 3254 ma-

294 3299 350 3377 jor,
366 3293 522 3358 idonea'ad
536 3298 718 3358 alliciendum
737 3312 766 3358 et
780 3299 956 3371 tenendum
977 3285 1099 3381 dignitas
1118 3301 1204 3361 etiam
1220 3303 1323 3380 major,
1342 3315 1370 3361 et

296 3404 446 3485 splendor,
463 3404 643 3464 admirationi
658 3403 829 3475 exeitaudae;
847 3403 971 3486 denique
986 3407 1073 3466 animi
1088 3409 1257 3488 preparatio
1269 3421 1298 3468 et
1309 3409 1371 3468 cul·

295 3523 358 3582 tus,
376 3508 413 3569 ad
427 3508 561 3570 Ethicom
577 3533 643 3570 eum
657 3511 753 3570 fructu
768 3511 950 3572 audiendam.
970 3511 1070 3593 ltaque
1088 3526 1121 3573 ut
1137 3513 1173 3574 de
1190 3511 1298 3592 Logr'co
1309 3537 1371 3574 am-

293 3615 392 3697 higere
407 3615 585 3695 aliquisiure
598 3617 705 3696 possit,
721 3638 759 3675 an
773 3638 831 3675 non
844 3630 962 3696 praeeat;
976 3618 1017 3676 sic
1029 3617 1066 3678 de
1077 3617 1200 3692 Ethr'co,
1213 3621 1263 3678 vix
1272 3619 1367 3679 dehet.

297 3721 333 3780 ln
347 3719 451 3798 Lugiso
473 3722 550 3781 enim
572 3721 749 3781 manifestior
767 3723 856 3794 ratio,
875 3722 953 3803 quod
966 3725 1042 3784 acuit
1055 3726 1184 3798 animos,
1205 3725 1284 3786 etad
1302 3727 1370 3786 Veri

296 3827 431 3909 Falsique
451 3828 604 3888 discrimen
623 3841 652 3888 et
667 3828 808 3907 judicium
819 3828 922 3888 fonuat
942 3831 1020 3890 :imo
1041 3843 1069 3890 et
1087 3833 1162 3891 viam
1176 3831 1372 3914 modumque-

294 3933 425 3994 Scientiae
442 3935 551 3994 sternit.
572 3933 693 4014 ltaque,
709 3948 742 3994 ut
755 3956 853 3994 verum
870 3933 976 4010 fatear,
997 3937 1092 4018 aliqua
1107 3940 1169 4019 ejus
1184 3941 1305 4015 notitia,
1321 3939 1371 3998 sod

295 4041 449 4099 summaria
459 4084 467 4113 ,
478 4039 586 4099 utiliter
594 4042 780 4120 praemittatur
792 4065 799 4100 ε
813 4053 914 4102 caetera
925 4045 1024 4124 seponi
1034 4056 1169 4125 possunt,
1180 4047 1270 4105 immo
1282 4059 1311 4105 et
1323 4069 1372 4105 ar-

297 4145 382 4224 gutia
402 4145 497 4206 multa
518 4146 603 4224 abjici
626 4157 674 4205 aut
694 4145 811 4228 deponi.
838 4147 933 4222 nQue
952 4148 1095 4210 dementia
1115 4162 1174 4225 est,
1195 4171 1370 4234 supervacua
1459 4197 1460 4200 ,
