2950 4934
263 453 327 531 500
464 481 468 492 1
629 439 778 517 Jusui
803 437 964 506 mrsu

263 587 407 649 Mundum
427 585 547 646 vocare?
566 605 625 644 noo
643 582 769 651 fuderim
788 583 851 662 ipae
867 581 945 639 cuim
966 590 1009 638 eat
1029 589 1117 636 totum
1142 573 1225 656 quand
1236 573 1325 634 vides
1336 609 1355 646 ‚·
1463 595 1464 656 i

263 709 338 756 totus
359 694 494 775 operibus
510 692 569 750 suia
587 688 712 760 inditus,
728 699 758 748 et
773 709 805 746 se
819 697 980 746 sustentans
999 686 1027 744 vi
1047 705 1138 744 aum-n
1163 683 1263 762 Itaque
1283 702 1354 761 pm

263 803 322 863 boc·
336 811 442 874 aeuau,
459 800 489 859 in
509 809 590 879 patto
609 817 677 854 vera
693 793 862 854 Tertulliani
879 792 996 872 scriptio
1010 789 1148 872 (Apolog.
1165 811 1228 870 cap.
1251 785 1291 870 47
1304 786 1345 867 )=

265 937 281 963 α
290 908 428 968 Platonici
438 918 467 965 et
473 904 559 964 Stoici
568 902 745 984 corporalem
757 911 884 960 statuunt
893 899 988 960 Deum
1003 922 1010 956 ι
1028 925 1041 950 o
1059 898 1166 957 scilicet
1179 895 1343 956 Mundum.

263 1012 326 1074 Etsi
341 1014 421 1072 Plato
434 1010 555 1092 primaru
564 1007 692 1068 Mentem
703 1007 795 1087 magia
810 1028 863 1086 pro
876 1008 937 1065 Deo
949 1005 1093 1087 agnoscit,
1107 1003 1185 1075 Deo,
1198 1003 1322 1082 inquam
1335 1047 1345 1072 ‚

264 1121 367 1201 primo.
390 1117 432 1178 lta
445 1114 553 1176 Seneca
575 1115 605 1172 iu
625 1111 785 1194 fragmento
804 1111 947 1192 quodam,
969 1110 1046 1191 apud
1064 1110 1251 1191 augustinum
1268 1106 1347 1190 (VI

263 1227 309 1286 De
325 1225 409 1284 Civit.
426 1243 490 1304 cap.
508 1218 585 1302 ro):
603 1247 617 1272 α
630 1217 692 1301 Ego
706 1217 798 1279 leram
814 1231 863 1278 aut
879 1219 1023 1278 Platonem
1037 1261 1046 1292 ,
1059 1228 1107 1276 aut
1117 1216 1346 1296 Peripateticum

264 1332 447 1392 Stratonem:
464 1349 586 1411 quorum
605 1327 676 1387 alter
692 1323 813 1407 (Plato)
829 1324 924 1384 Deum
943 1325 1005 1384 aine
1025 1321 1244 1404 corporalem,
1262 1323 1349 1382 alter

264 1441 327 1498 sine
344 1435 458 1498 animal
477 1461 491 1488 a
507 1435 677 1494 Plato'enim
692 1441 855 1512 supremam
871 1429 998 1490 Mentem
1009 1428 1228 1490 architectricem
1240 1450 1346 1510 ugno-

264 1549 337 1620 acit,
352 1544 472 1604 liberam
495 1554 524 1601 et
545 1552 683 1600 secretam
704 1538 742 1597 ab
761 1541 838 1598 omni
859 1539 1027 1620 contagione
1047 1537 1180 1606 mortali;
1197 1548 1282 1616 atque
1306 1549 1347 1594 ut

265 1653 365 1712 Cicero
373 1651 516 1731 loquitur,
529 1675 544 1700 u
554 1647 651 1706 Deum
667 1645 764 1704 statuit
775 1638 930 1726 ἆσῶματον,
941 1645 1140 1724 incorporeum
1154 1667 1169 1694 a
1184 1653 1231 1700 :at
1242 1639 1346 1700 Strato

265 1756 399 1816 eumdem
410 1756 472 1814 aiae
483 1753 586 1812 Animo
597 1796 606 1827 ,
617 1751 717 1825 idest,
728 1749 866 1810 Naturam
876 1748 950 1810 hauc
960 1771 1056 1810 rerum
1066 1745 1244 1831 etlbiundum
1254 1791 1263 1820 ‚
1273 1749 1345 1807 sine

265 1864 366 1924 Mente
386 1859 575 1944 gubernante.
604 1857 673 1917 Huc
690 1857 832 1917 sententia
850 1855 988 1916 Stratonis
1010 1867 1071 1930 cat,
1094 1875 1181 1936 quam
1200 1853 1345 1914 Manilius

266 1969 381 2052 ungite
525 1967 536 1982 ⁴

428 2065 1121 2140 A‘tuequeterrapatremnovit‚aecflamma,necaer‚

429 2162 480 2210 Ant
486 2158 591 2221 humor,
603 2159 744 2230 metantque
752 2163 832 2212 Deum
842 2177 886 2230 per
896 2167 1001 2230 quatuor
1009 2167 1089 2220 artua,

431 2243 463 2300 ut
472 2249 559 2300 mundi
568 2255 675 2300 atinam
683 2251 801 2318 globum,
812 2251 990 2320 prohibentque
1000 2251 1090 2320 requiri

429 2340 499 2390 ttttn
509 2357 534 2389 ae
543 2339 687 2408 quidquam.

268 2468 303 2529 ld
318 2471 381 2542 es't,
398 2468 463 2530 Sive
479 2482 601 2550 quatuor
616 2470 757 2530 elementa
771 2493 829 2530 nou
844 2468 950 2530 babent
967 2481 1110 2530 auctorem
1129 2482 1157 2530 et
1174 2471 1314 2552 originem
1328 2505 1341 2542 5

268 2578 408 2658 ipsasunt
421 2588 450 2636 et
462 2566 570 2636 iaciunt
582 2578 681 2656 juncta
694 2576 808 2652 Deum,
825 2598 879 2636 uec
895 2577 983 2638 alium
1003 2589 1167 2658 praeterae,
1184 2589 1232 2636 aut
1248 2598 1340 2658 supra

267 2706 318 2758 se,
331 2683 446 2744 babent.
461 2682 518 2744 Sed
528 2684 566 2744 ad
572 2682 681 2744 Stoicos
694 2686 782 2766 ;quia
791 2685 878 2768 igitur
886 2683 1013 2744 Mundus
1022 2684 1102 2744 Deua
1114 2729 1124 2759 ,
1135 2684 1239 2744 dabam
1249 2685 1340 2742 ctiam

267 2792 294 2850 ei
310 2791 453 2874 globosam
470 2789 600 2850 formam.
617 2789 725 2872 Seneca
746 2788 858 2872 (Epist.
877 2789 964 2872 xciv)
980 2813 990 2848 ε
1009 2817 1022 2844 a
1040 2789 1069 2850 Si
1085 2787 1233 2850 rotundam
1253 2790 1310 2848 illis
1329 2833 1340 2860 ,

162 2929 167 2947 ι
268 2901 382 2980 qualem
391 2900 473 2972 Deo,
485 2897 618 2958 dederint
632 2898 764 2959 sonuum.
779 2925 794 2951 a
806 2897 887 2958 Iden
903 2900 933 2958 iu
946 2899 1097 2960 Claudium
1112 2897 1214 2959 ludens
1229 2921 1238 2957 ε
1253 2924 1268 2950 ι
1283 2897 1341 2956 Dic

268 3005 369 3080 nobie,
385 3005 499 3086 qualem
516 3003 611 3064 Deum
629 3005 714 3064 iatum
731 3006 794 3064 lieri
810 3004 917 3064 indual
933 3003 1081 3066 Stoicum?
1092 3004 1233 3086 quomodo
1244 3015 1343 3084 potest

267 3111 406 3171 rotundus
418 3132 499 3185 esse,
514 3123 548 3170 ut
562 3112 602 3170 ait
615 3111 726 3184 Varro,
743 3113 806 3171 aine
819 3112 912 3193 cupite
924 3145 933 3187 t
944 3113 1006 3174 siue
1015 3112 1153 3193 preputio
1162 3111 1175 3170 ἲ
1185 3137 1199 3164 υ
1211 3109 1341 3170 Observa

268 3216 327 3276 baec
345 3229 506 3297 postrema,
520 3219 616 3296 joooac
627 3219 658 3277 in
674 3215 832 3299 Epicureos
845 3218 943 3294 dicta,
961 3219 1010 3300 qui
1025 3218 1120 3278 Deum
1135 3217 1343 3278 iaciebantbu-

269 3343 353 3380 mnua
373 3324 469 3402 specie
488 3345 497 3380 ε
516 3334 546 3380 at
559 3321 645 3382 Stoici
662 3323 826 3406 negabant,
845 3337 874 3384 et
888 3325 992 3384 animal
1007 3325 1125 3406 quidem
1140 3345 1202 3384 caea
1222 3348 1231 3384 ε
1254 3351 1270 3377 ι
1288 3323 1342 3384 eod

269 3452 327 3487 nou
346 3426 471 3486 humana
485 3427 578 3508 aliqua
598 3427 698 3488 [orma.
714 3456 728 3482 a
746 3430 815 3490 Huc
831 3431 1044 3504 autumantia,
1061 3453 1147 3512 quam
1161 3451 1338 3512 nequeam,

269 3554 363 3616 neque
376 3535 443 3594 item
458 3533 625 3594 Plutarchus
638 3555 737 3595 sanam
751 3534 837 3594 habet
851 3560 859 3596 a
876 3549 904 3596 at
919 3536 954 3595 iia
971 3536 1089 3618 objicit:
1105 3563 1120 3590 ι
1135 3537 1214 3619 quod
1225 3536 1340 3608 Deum,

268 3642 319 3722 qui
336 3642 509 3722 principium
526 3653 589 3714 eat,
607 3639 718 3722 Corpus
734 3653 830 3700 tamen
844 3641 1005 3724 intelligens
1020 3654 1049 3702 et
1062 3642 1190 3702 Mentem
1205 3643 1236 3702 iu
1253 3656 1341 3702 mate·

268 3747 312 3805 ria
324 3744 449 3817 faciuut;
468 3757 554 3826 atque
567 3746 608 3804 ita
618 3767 676 3804 uon
688 3769 792 3828 purum
805 3790 813 3820 ,
826 3768 920 3828 neque
930 3748 1089 3828 simplicem
1103 3789 1112 3823 ,
1128 3769 1224 3830 neque
1235 3751 1342 3812 incom-

269 3855 414 3934 positum,
429 3851 481 3912 aed
491 3874 528 3911 ex
540 3848 596 3911 alio
613 3864 642 3912 et
656 3875 708 3933 per
722 3851 801 3912 aliud
810 3855 994 3914 constituunt.
1012 3879 1026 3908 a
1038 3855 1147 3916 Tamen
1161 3855 1257 3918 vam
1268 3859 1342 3918 miti·

267 3981 336 4042 gare
356 3972 386 4019 et
409 3958 447 4018 ad
462 3959 609 4020 veritatem
631 3959 722 4042 magis
742 3957 855 4020 ilcctere
870 3959 1006 4036 videtur,
1022 3963 1045 4022 ai
1063 3963 1139 4022 bene
1157 3964 1339 4026 exaudimus.

211 4111 215 4130 .
268 4063 389 4126 Ptdcbra
407 4065 466 4126 broc
485 4068 547 4147 ejus
562 4068 592 4128 iu
607 4067 767 4148 Augristino
783 4067 859 4149 (Vll
880 4067 925 4127 De
943 4069 1028 4129 Civit.
1047 4091 1112 4150 cap.
1132 4067 1175 4150 6)
1190 4095 1199 4130 r
1221 4098 1236 4126 ι
1249 4071 1342 4132 varro

266 4171 303 4235 de
320 4173 448 4233 Naturali
457 4171 612 4255 Theologia
629 4173 806 4254 praeloquens
824 4174 913 4250 dicit,
926 4175 1020 4236 Deum
1031 4198 1061 4238 se
1072 4175 1341 4264 arbitrariauimam
