2950 4934
410 537 833 608 nr1srousxcu
866 571 870 578 -
973 485 980 494 ’
1091 541 1154 607 ,οε

78 685 180 738 artem
193 671 273 738 vitae
288 668 439 762 professa
453 683 522 751 est,
538 665 632 734 nulla
646 691 704 752 re,
721 690 791 759 quo
802 667 916 743 minus
927 689 964 734 se
976 683 1151 751 exerceat,

78 787 183 856 vetari
206 801 320 879 potest
337 813 345 852 ε
362 783 500 852 discutit
514 783 605 852 euim
621 780 887 875 impedimenta,
909 799 943 851 et
956 799 1077 852 tractat
1091 785 1155 853 ob-
1202 836 1207 843 ,
1229 760 1231 767 ¹

80 901 216 968 stantia.
245 900 309 966 Vis
333 899 439 966 scire¹
467 921 568 990 quam
594 893 769 965 dissimilis
792 897 838 963 sit
860 894 1004 963 alierum
1028 899 1154 966 artium
1177 906 1196 959 s

79 1015 250 1098 conditio,
280 1031 315 1082 et
341 1014 470 1107 hujus?
498 1015 538 1082 ln
565 1012 635 1080 illis
664 1013 855 1080 excusatius
880 1027 949 1095 est,
980 1012 1154 1082 voluntate

79 1153 243 1220 pecoerc,
264 1153 367 1220 quam
384 1151 484 1212 cusu,
504 1127 542 1194 in
557 1125 648 1208 hac,
670 1125 815 1192 maxima
836 1122 936 1217 eulpa
950 1140 1018 1207 est,
1036 1141 1155 1218 sponte

79 1241 297 1336 delinquere.
322 1242 427 1335 Quod
443 1240 540 1324 dieo,
552 1241 620 1310 tale
637 1253 699 1307 est.
719 1239 966 1309 Grammaticus
984 1263 1054 1309 uon
1073 1263 1155 1308 eru·

80 1358 196 1428 bescet
210 1359 400 1428 soloeeismo
409 1364 437 1442 ²,
453 1360 481 1426 si
494 1359 605 1426 sciens
615 1356 713 1440 lecit3
728 1355 927 1439 erubescet,
942 1355 971 1422 si
984 1355 1152 1424 nesciens.

81 1473 259 1563 Medicus,
279 1477 307 1544 si
327 1474 475 1544 delicere
492 1498 618 1566 aegrum
635 1495 705 1540 non
724 1470 908 1564 intelligit,
930 1485 1093 1562 quantum
1110 1472 1155 1540 ad

80 1605 187 1658 artem
197 1591 308 1683 magis
325 1603 444 1683 peccet
453 1639 466 1675 ,
482 1612 582 1680 quem
592 1589 621 1656 si
632 1611 669 1657 se
679 1587 874 1680 intelligere
891 1585 1092 1678 dissimulat.
1106 1587 1157 1657 At

84 1707 117 1772 iu
133 1706 203 1776 hac
221 1721 296 1773 arte
309 1704 468 1787 vivendi,
489 1699 623 1798 turpior
639 1703 825 1772 volentium
839 1701 939 1795 culpe
952 1717 1015 1769 est.
1036 1701 1156 1795 Adjice
1180 1737 1197 1788 9

82 1845 192 1902 nunc,
225 1818 318 1912 quod
346 1833 437 1888 artes
466 1842 602 1910 quoque
623 1817 817 1912 pleraeque,
842 1819 909 1885 imo
938 1841 978 1884 ex
1000 1817 1157 1887 omnibus

82 1937 342 2016 liberalissimae,
369 1934 499 2004 habent
525 1933 660 2003 decretu
684 1958 763 2016 sua,
786 1959 856 2002 non
880 1950 1011 2002 tentum
1027 1957 1156 2028 proece-

84 2067 139 2144 pta
149 2045 176 2132 ³,
199 2051 290 2117 sicut
305 2046 489 2115 Medicina.
511 2047 630 2138 Itaque
647 2046 716 2114 ulia
732 2063 783 2113 est
796 2040 1033 2140 Hippocratis⁴
1051 2061 1153 2129 secta,

85 2165 149 2232 alia
174 2161 412 2257 Asclepiadis,
438 2161 503 2229 alia
532 2161 762 2228 Themisonis.
788 2162 959 2228 Preterea
983 2159 1078 2228 nulla
1101 2184 1157 2230 ars

84 2271 366 2372 contemplativa⁵
392 2278 466 2345 sine
496 2275 642 2344 decretis
668 2277 738 2344 suis
764 2291 837 2358 est,
866 2300 941 2369 que
962 2279 1074 2346 Graeei
1094 2303 1156 2348 vo-

85 2511 195 2552 utsrtem
204 2498 264 2552 vitae
275 2497 339 2550 detis
349 2496 477 2570 preceptis
489 2497 597 2550 doceant
645 2495 799 2568 impugnent
810 2495 923 2563 deerets,
936 2496 995 2550 ritse
1010 2509 1090 2551 artem
1107 2517 1157 2554 ose-

84 2576 163 2642 slios)
172 2615 180 2640 ,
188 2588 256 2628 seete
267 2597 293 2628 a.
302 2595 324 2628 e.
332 2577 367 2627 A.
380 2575 453 2644 Ergo
462 2575 547 2628 neisoe
555 2574 597 2628 sd.
646 2572 703 2626 teris
715 2572 809 2625 srtibus
823 2587 970 2644 comparent
979 2592 987 2626 ε
997 2573 1048 2648 ipse
1059 2575 1158 2632 Senees

86 2655 118 2706 lt
127 2655 197 2706 Ven·
215 2653 259 2705 Er.
276 2653 343 2706 Tum
361 2673 421 2722 ergo
430 2673 480 2705 nors
495 2653 541 2706 lroc
551 2665 596 2705 etc.
644 2651 794 2724 respondet,
803 2651 825 2703 si
833 2653 934 2704 tendens
945 2672 984 2705 srs
995 2653 1053 2706 vitae
1064 2655 1158 2711 cnteris

84 2751 141 2783 rum
155 2731 362 2804 interrogationis
374 2731 463 2802 signo,
476 2730 516 2784 ed.
529 2731 596 2785 Mur.
646 2727 741 2782 srtibus
750 2729 1158 2803 compereripossit,esboeeolligi

84 2823 106 2860 et
119 2829 190 2880 seqq.
204 2809 287 2863 Scissa.
643 2806 717 2859 illam
733 2821 813 2859 artem
831 2807 891 2862 solis
904 2821 1016 2862 comme
1030 2809 1158 2882 praeeeptit

120 2905 141 2937 r.
162 2889 218 2938 Vis
239 2891 311 2940 scire.
330 2887 412 2945 Locus
433 2886 475 2940 bic
499 2887 596 2940 erudite
644 2885 1157 2957 nonposse,quonismeseternsrtesnon

86 2975 205 3016 tractetur
216 2964 249 3016 ab
264 2964 397 3018 Aristotele
410 2964 466 3018 libr·
479 2965 505 3018 ll
518 2965 596 3018 Etbi-
646 2973 743 3014 tentum
759 2975 897 3034 praecepts,
915 2963 959 3016 sed
972 2963 1047 3015 etism
1060 2961 1158 3015 decreta

86 3061 183 3094 sorum.
197 3043 330 3096 Muretus.
434 3067 437 3076 ·
646 3042 915 3100 contineanttsieists
928 3041 1113 3111 comperetiooe
1126 3040 1158 3093 sb

118 3142 143 3173 s.
162 3121 225 3173 Non
244 3122 374 3175 emdeseet
392 3125 552 3185 scloeeismo,
576 3123 601 3174 si
646 3119 797 3174 edversariis
816 3119 913 3190 prolsts
935 3118 1027 3187 utitur,
1045 3131 1074 3171 ut
1091 3119 1158 3192 ipsos

86 3199 601 3274 seiensseei85embescetetc.Vulgoerrs·
647 3200 775 3272 profliget.

86 3279 163 3329 deecit
178 3279 355 3330 soloeeismum
365 3313 372 3342 ,
383 3279 410 3329 si
423 3281 504 3330 sciens
509 3278 597 3350 sneit:
679 3276 704 3342 4.
720 3278 820 3346 Itaque
835 3282 894 3332 als'es
906 3289 947 3331 est
960 3277 1158 3347 Hippocratis...

86 3356 208 3409 erubescit
220 3367 269 3409 ete.
282 3355 363 3410 Sele.
373 3385 407 3396 -
418 3355 518 3409 Vitium
535 3377 599 3410 ors-
648 3356 841 3425 Asclepeus...
850 3358 1020 3411 Themisonis.
1029 3357 1070 3411 Cf.
1079 3358 1111 3410 de
1118 3357 1160 3411 bis

88 3433 162 3486 tionis
173 3433 279 3505 puritati
298 3434 339 3485 vel
353 3433 483 3486 latinitati
495 3447 600 3489 eontrs-
649 3433 756 3486 medicis
769 3434 796 3486 in
809 3435 958 3505 antiquitste
973 3434 1157 3499 celeberrimis,

89 3509 151 3561 rinrn
159 3510 319 3564 solceeisrnns
326 3523 378 3575 est,
389 3531 467 3582 quum
478 3513 507 3563 iu
518 3511 600 3564 verbis
649 3513 811 3582 Hippocrate
827 3515 896 3578 Coo,
909 3516 953 3586 qui
965 3516 1074 3568 Socratis
1086 3534 1161 3569 eoae-

89 3586 200 3655 pluribus
212 3587 321 3642 verbum
340 3589 464 3662 superiori
480 3607 533 3642 non
553 3609 599 3642 sc·-
648 3611 695 3643 rus
705 3604 771 3659 erat,
781 3592 938 3662 Asclepiade
946 3610 970 3647 et
979 3591 1034 3666 ejus
1045 3592 1159 3646 suslitore

90 3667 263 3720 commodetur
275 3679 300 3718 et
313 3666 478 3738 compositura
488 3667 599 3740 partium
651 3671 818 3736 Themisone,
838 3673 881 3745 qni
899 3671 1029 3726 Ciceronis
1049 3684 1160 3744 tempore

90 3743 208 3797 orationis
220 3744 338 3818 imperet
349 3742 598 3798 inconvenienslist:
647 3749 746 3803 Rome.
759 3750 892 3816 viserunt,
919 3763 944 3802 et
962 3769 1072 3821 qnorum
1091 3749 1159 3802 Plin.

91 3820 200 3894 stribligo
210 3823 275 3875 alies
284 3821 359 3876 dicta.
371 3821 408 3876 Cf·
418 3823 519 3876 Ernesti
528 3823 600 3876 Lexi-
648 3829 707 3880 Nat.
719 3828 784 3881 llist.
793 3848 840 3899 29,
855 3850 877 3892 r,
890 3829 978 3881 Celsus
986 3830 1115 3901 praeistp.
1131 3832 1161 3882 13

92 3917 138 3950 eon
151 3900 313 3972 Technolog.
335 3900 416 3954 Grec.
433 3913 457 3954 et
472 3903 527 3954 Lat.
537 3899 563 3954 h.
573 3922 598 3953 v.
647 3901 699 3978 bip.
712 3904 745 3957 sl.
756 3905 914 3958 mentionem
930 3903 1099 3958 honorificem
1114 3905 1161 3957 in-

94 3975 225 4052 Conpsrst
244 3999 303 4032 euos
321 3979 462 4033 soloecisuso
479 3979 598 4034 Graeeum
648 3981 754 4052 jecere,
779 3982 895 4054 inprimis
919 3983 1001 4035 Curtii
1019 3982 1162 4056 Sprengelii

93 4065 170 4122 οχῆμ
178 4057 344 4110 velden-sd
356 4057 463 4110 Lesbon.
474 4071 529 4130 post
538 4057 600 4110 Am·
650 4059 762 4114 Historia
772 4060 916 4116 Medicina.
924 4061 1013 4114 Ruit.

93 4151 160 4184 mon.
168 4147 220 4187 not.
233 4136 356 4208 3,p.177
369 4155 422 4206 sqq.
431 4134 521 4188 Ruit.
681 4141 706 4190 5.
731 4142 946 4209 Conumptnttva.
976 4141 1042 4207 Ques
1074 4159 1161 4193 causas

126 4211 149 4261 3.
160 4211 269 4266 Habent
280 4215 382 4266 decreta
396 4233 459 4278 sua,
471 4235 522 4266 non
533 4227 598 4268 tan·
648 4237 733 4270 rerum
745 4225 852 4289 spectet,
866 4218 895 4270 in
906 4237 947 4270 ess
958 4216 1079 4289 inquirit,
1095 4228 1120 4267 et
1132 4217 1162 4268 in

95 4299 286 4359 tzamproecepta.
297 4289 442 4346 Adversarii
452 4293 562 4360 Seneca,
573 4305 599 4346 ut
650 4307 757 4366 systema
779 4294 880 4348 ordinet
903 4293 1069 4367 colligitque,
1086 4306 1162 4362 etque
