2950 4934
320 430 391 501 608
692 420 845 495 Just}
868 422 1032 493 LlPSll

322 549 712 655 lltipsaparncestnihilrirn
737 560 1394 653 dniv'efficornpara'cssonesttvrlatpunctnm.

322 670 1395 761 omiseri,celnnaspieira,etintemndespicitc!·t’uneumestfflnd‚

323 782 1394 868 inqnonavigntis,inquobellatis,inquoregnadispmitissminim,

324 889 1069 974 ctianrqunmillistruirnqucoceanusocenrrit.·

653 1136 957 1200 nlsssrtrsrto
980 1134 1072 1200 XIX.

327 1313 1398 1404 wdaoe,aamomaartuaemqade1tmorte,abembn‚u

698 1425 1036 1508 actemgumifismid?

372 1632 475 1695 Fmvr
490 1633 529 1694 de
543 1632 711 1695 Elementis.
728 1636 805 1697 bur.
826 1634 891 1697 lion
910 1634 1001 1706 inibit
1016 1633 1053 1697 de
1062 1632 1150 1695 Terra
1164 1630 1224 1693 dno
1239 1642 1328 1706 snut,
1343 1652 1401 1713 qua

332 1741 419 1803 ctiam
437 1758 581 1823 queram,
597 1740 691 1803 Vetus
705 1762 817 1817 unum,
838 1740 942 1823 e'cquid
961 1754 1037 1803 stare
1057 1762 1120 1802 earn
1140 1740 1228 1801 Stoici
1248 1750 1401 1811 censeant,

332 1870 370 1908 an
385 1848 517 1909 moveri?
530 1848 644 1909 Novum
657 1849 797 1924 alterurn,
813 1848 859 1909 dn
875 1870 966 1909 novus
978 1848 1026 1909 hic
1039 1860 1146 1923 noster,
1161 1840 1296 1931 cognitus
1307 1848 1342 1906 iis
1356 1869 1404 1905 or·

332 1950 398 2010 bisi
413 1950 488 2011 llam
502 1948 556 2010 boc
571 1950 704 2011 ultimum
718 1970 772 2033 ego
787 1962 873 2033 atque
887 1950 935 2011 alii
951 1970 1025 2033 saepe
1040 1948 1252 2011 addubitamus.
1267 1946 1350 2008 Lars.
1365 1946 1405 2007 ld

333 2067 488 2137 unumque
510 2056 552 2115 sic
571 2054 658 2115 habe.
682 2052 722 2117 Et
742 2056 822 2139 prius
844 2054 962 2139 quidem
988 2058 1073 2117 etiam
1097 2056 1207 2118 Seneca
1227 2054 1294 2115 vult
1316 2054 1405 2114 excuti

333 2158 407 2243 (th
417 2160 524 2237 Qnoest.
539 2184 605 2244 cap.
618 2159 675 2244 2),
689 2188 704 2217 a
714 2162 820 2223 Utrum
829 2162 963 2224 videlicet
974 2162 1081 2223 Culum
1090 2162 1219 2223 Mundus
1230 2174 1309 2223 terra
1319 2174 1405 2221 stante

335 2268 507 2343 circumeat,
523 2290 560 2328 an
575 2268 689 2329 Mundo
702 2280 797 2329 stante
811 2281 886 2329 terra
899 2268 1043 2331 vertatur?
1058 2268 1187 2329 Fuerunt
1199 2270 1280 2329 enim
1296 2269 1346 2351 qni
1360 2266 1406 2327 di-

335 2386 451 2447 cerent,
464 2396 518 2435 nos
531 2390 594 2436 esse
607 2396 680 2457 quos
693 2373 909 2437 renuntiatura
918 2376 1077 2436 nescientes
1088 2374 1161 2435 ierat
1173 2397 1182 2434 r
1194 2396 1249 2435 nec
1261 2374 1323 2433 celi
1332 2384 1405 2433 motu
1452 2386 1453 2412 ¹

336 2476 400 2537 lieri
413 2488 492 2538 ortus
505 2488 535 2537 ct
549 2498 686 2552 occasus,
702 2475 754 2537 sed
769 2478 845 2559 ipsos
860 2498 913 2539 nos
927 2477 995 2537 oriri
1010 2476 1191 2538 etoccidere.
1204 2476 1406 2559 Dignaresest

336 2570 593 2667 contemplatione,
608 2596 643 2645 ut
652 2585 777 2645 sciamus
791 2584 821 2643 iii
836 2606 893 2667 quo
907 2592 1004 2645 rorum
1014 2596 1090 2645 statu
1102 2585 1191 2645 simus
1204 2606 1214 2642 ι
1227 2583 1406 2666 pigra-riman

337 2687 450 2767 sortiti,
470 2714 509 2752 an
528 2690 736 2753 velocissimam
758 2691 857 2753 sedem
874 2715 883 2751 ι
900 2692 975 2753 circa
995 2711 1047 2751 nos
1067 2690 1146 2752 Deus
1168 2691 1283 2763 omnia,
1306 2712 1344 2749 an
1361 2710 1408 2749 noa

339 2811 415 2883 agat.
430 2824 445 2852 n
468 2799 534 2873 sit,
559 2824 574 2853 a
587 2798 675 2859 luisse
690 2800 741 2881 qui
764 2798 931 2860 dicerent.»
947 2798 1004 2875 Qui
1019 2797 1081 2859 illil
1100 2798 1196 2881 plures
1210 2799 1346 2879 reperim
1362 2794 1408 2857 sed
1451 2818 1452 2843 ³

342 2931 357 2959 α
366 2906 476 2987 primus
491 2904 635 2966 Philolaus
653 2904 857 2989 Pythagoricus
868 2904 942 2967 dixit
954 2928 963 2965 ι
976 2914 1080 2967 terram
1094 2906 1202 2965 moveri
1219 2906 1249 2965 in
1271 2892 1381 2965 orhcnr.
1394 2930 1407 2953 ι

339 3010 508 3095 (laertius,
521 3009 557 3072 ln
571 3009 724 3095 Philolao.)
737 3012 828 3074 Addit
847 3025 942 3074 tamen
958 3036 967 3073 r
987 3039 1001 3067 a
1015 3012 1072 3073 Alii
1085 3024 1180 3073 tamen
1195 3012 1310 3072 Hicetae
1323 3000 1410 3092 Syra·-

340 3119 421 3179 cusio
441 3118 474 3180 id
495 3120 634 3181 uibnunt.
649 3147 664 3176 ι
690 3118 730 3179 Et
754 3120 792 3182 de
816 3118 940 3194 Hiceta,
966 3120 1052 3179 ctiam
1075 3118 1175 3179 Cicero
1197 3117 1313 3201 (dead.
1339 3116 1408 3197 11):

344 3224 485 3286 allicetaa
495 3225 680 3308 Syracusius,
694 3228 779 3289 utait
789 3225 1017 3311 Theophrastus,
1030 3227 1146 3302 caelum,
1156 3224 1269 3301 Solem,
1284 3224 1407 3293 Ιιιιιειιι,
1450 3252 1451 3269 ³

341 3330 453 3405 stellas,
468 3352 573 3414 supera
586 3332 713 3417 denique
726 3334 823 3395 omnia
837 3346 911 3395 stare
922 3346 1039 3395 censeta
1052 3354 1164 3415 neque,
1175 3342 1282 3415 prater
1295 3345 1410 3401 terram,

342 3458 405 3500 rem
419 3438 508 3499 ullam
523 3439 553 3499 in
568 3440 681 3502 blundo
694 3442 815 3503 moveri.
831 3444 927 3523 Atque
940 3440 993 3501 hoe
1008 3441 1093 3501 etium
1105 3438 1251 3501 Platonem
1265 3439 1299 3499 in
1311 3440 1412 3499 Timo

344 3546 441 3607 dicere
455 3546 572 3629 quidam
588 3548 780 3623 arbitrandus,
797 3549 849 3610 sed
868 3550 953 3632 paulo
972 3549 1158 3609 obscurius.»
1181 3550 1221 3607 st
1236 3546 1275 3607 de
1290 3546 1412 3608 Philebo

344 3652 422 3734 quod
437 3650 583 3730 hadas,
600 3656 732 3716 universe
750 3642 916 3716 Plutarchus
931 3640 1127 3736 Pythagor-this
1139 3653 1277 3715 adscribit
1287 3653 1343 3739 (ln
1354 3653 1413 3713 Nu·
1449 3654 1450 3708 l

345 3755 423 3840 ma),
438 3780 544 3841 eosque
564 3760 683 3821 Terram
706 3784 764 3821 non
785 3775 886 3844 putare
906 3760 1098 3835 immobilem,
1120 3760 1171 3821 sed
1191 3781 1254 3821 asae
1267 3762 1302 3821 in
1317 3783 1412 3845 gyrum

347 3863 422 3923 circa
435 3864 532 3947 ignem
546 3888 730 3949 suspensam,
744 3894 758 3921 n
773 3868 909 3951 additque
919 3866 956 3927 de
967 3866 1083 3927 Platone
1093 3910 1102 3943 ,
1114 3862 1150 3927 ut¹
1156 3866 1275 3941 Cicero,
1291 3894 1306 3921 ι
1319 3866 1414 3927 eaden

346 3962 405 4049 jam
418 3991 516 4032 senem
527 3975 648 4034 sensisse
657 3997 666 4033 r
676 4000 691 4027 n
701 3974 779 4054 quod
786 3973 981 4057 Theophrasto
994 3984 1109 4033 auctore
1119 3973 1150 4033 in
1160 3973 1263 4056 vulgus
1275 3981 1412 4039 manasse,

349 4072 427 4134 idem
447 4067 516 4137 alibi
539 4079 672 4140 ostendit.
691 4080 751 4140 Ubi
771 4091 851 4140 etex
867 4078 994 4161 professo
1017 4080 1104 4140 verba
1129 4078 1227 4140 Timaei
1253 4081 1412 4147 examinat,
1448 4058 1449 4138 l

351 4182 486 4262 aquilius
505 4183 535 4244 id
553 4184 742 4269 colligebant,
754 4206 821 4247 nam
841 4186 991 4269 scripserat
1009 4184 1062 4267 (ln
1074 4186 1180 4261 Queat.
1195 4184 1307 4266 Plat.)r
1322 4214 1336 4241 ι
1349 4186 1415 4247 Ani-
