2950 4934
133 357 144 392 t

247 431 497 503 PHYSIOL.
522 433 771 506 s‘rolcolt.
797 437 892 508 LlB.
917 437 969 503 11.
1079 437 1145 504 556

72 580 179 661 Itaque
191 623 201 655 ,
215 581 257 641 mi
266 577 406 653 Auditor,
420 600 479 640 oon
491 599 579 640 arona
594 589 623 638 te
640 599 657 638 a
672 592 730 639 tarn
740 579 857 640 alutam
867 576 1052 638 meditatione
1064 600 1074 636 a
1086 578 1148 660 ipse

70 688 172 768 potius
186 707 223 748 eo
235 688 314 748 veni.
333 711 349 740 ι
361 685 464 747 dunior
478 706 530 760 es,
551 683 623 766 quid
637 683 746 746 refert?
766 707 824 746 non
839 685 1057 746 dinummntur
1067 684 1147 744 anni.

71 790 1148 874 Incertumest,quotelooomorsexpeotet=itaquetuillsm0mniloeo

71 911 208 981 expecta.
222 925 237 952 υ
252 897 340 981 (Seu.
352 897 409 982 Ep.
422 895 518 979 nv.)
528 896 710 979 Philosophia
718 909 832 973 antero,
844 910 877 958 ut
887 899 983 980 tetigi,
996 917 1031 958 eo
1045 895 1147 968 damet,

71 1017 103 1066 et
120 1004 197 1066 bane
209 1005 442 1079 meditationem,
458 1015 489 1064 et
500 1003 538 1065 ab
551 1025 586 1064 ea
598 1004 696 1078 robur,
708 1006 804 1066 animo
814 1017 864 1064 tuo
876 1003 966 1064 indet.
982 1004 1058 1064 tun.
1072 999 1149 1078 Quin

70 1112 408 1194 tuigitur,miliootor,
424 1110 823 1193 porromeadillamlliam
837 1108 1149 1192 duemeeoepisti‚sed
1204 1123 1206 1131 ’

71 1220 104 1278 in
122 1220 174 1280 via
190 1219 277 1280 etium
292 1218 455 1280 destituisti.
473 1217 551 1280 Lus.
567 1217 688 1279 Morbos
701 1217 788 1293 iecit,
806 1217 886 1300 quod
899 1239 958 1278 nou
972 1217 1150 1300 ignorasset

71 1347 173 1400 nune,
188 1327 243 1386 etsi
254 1324 333 1387 haud
345 1325 541 1399 lirmhnimm,
555 1337 653 1386 tamen
667 1338 793 1406 emptum
806 1325 1035 1406 spatiamentum
1046 1322 1149 1384 deaut*

70 1455 157 1507 ram,
171 1445 201 1494 et
214 1431 307 1514 (Deus
321 1431 442 1514 annuet)
457 1433 495 1494 ad
508 1431 663 1496 candidam
675 1431 784 1493 calcem
798 1433 906 1492 sistam.

416 1627 732 1698 DISSERTATIO
765 1629 810 1689 ΙΙ.

71 1778 321 1860 Motenitpnino,
334 1781 453 1841 atim
464 1779 654 1861 Principiam,
667 1781 826 1862 ἀκαίρως
835 1779 981 1841 AEtemam
992 1801 1068 1852 esse,·
1082 1777 1150 1840 Noa

343 1887 455 1965 augeri,
468 1909 523 1947 aon
536 1886 884 1968 mrirui;Nonitempnti.

115 2065 286 2128 nnuma
307 2065 395 2147 igitur
417 2077 484 2126 aute
502 2088 555 2128 sex
574 2087 688 2128 menses
709 2066 804 2150 (hane
822 2065 1149 2148 comperendinationes

72 2171 213 2232 valetudo
227 2168 324 2250 dedit)
342 2171 400 2233 duo
417 2193 480 2234 esse
495 2173 597 2234 Stoicis
612 2195 707 2236 rerum
722 2174 887 2255 Principio,
901 2172 997 2234 Deum
1011 2185 1040 2234 et
1052 2173 1153 2234 Mate·

72 2282 161 2342 riam
178 2279 225 2341 De
245 2279 314 2351 illo,
331 2278 410 2358 quod
423 2279 521 2352 licuit,
538 2279 664 2340 diximus
680 2303 689 2339 ε
705 2279 764 2340 hmo
778 2279 955 2363 peraidanda
969 2289 1028 2351 est,
1046 2291 1075 2340 et
1088 2299 1152 2360 qun

73 2408 113 2448 ox
135 2386 171 2446 iis
189 2385 275 2463 dant.
302 2385 453 2448 Materiam
475 2387 516 2448 ita
539 2388 666 2447 notificat
690 2385 820 2448 Laertius
840 2384 888 2467 (In
907 2384 1007 2466 lem),
1024 2395 1060 2446 ex'
1075 2385 1151 2446 scitis
1203 2471 1204 2474 Ἴ

73 2493 238 2566 Stoicorum
250 2514 259 2550 t
280 2518 295 2549 a
308 2489 469 2582 Fsseutiam
482 2493 544 2554 sive
564 2505 712 2567 naturam,
729 2495 859 2554 omnium
871 2513 934 2573 qua
948 2504 1015 2554 sunt
1029 2494 1149 2573 primam

72 2609 222 2672 statuunt,
237 2597 399 2660 Materiam.
415 2599 539 2666 Materia
555 2612 650 2662 autem
664 2611 728 2674 est,
744 2621 781 2660 ex
796 2621 854 2681 qna
867 2597 1009 2680 quidlibet
1029 2600 1152 2660 toalei-

72 2720 135 2770 tm.
166 2707 326 2788 Dupliciter
348 2719 444 2771 autem
466 2707 572 2770 dieitur
594 2721 623 2768 et
647 2705 800 2781 Euenfia,
827 2719 857 2767 ot
880 2706 1027 2777 Mutarim
1047 2728 1152 2789 nempe

71 2812 231 2888 omnim,
253 2827 282 2874 et
299 2814 491 2898 Singulorum.
516 2815 569 2876 Illa
587 2817 735 2889 omnium,
758 2816 819 2874 sive
836 2815 1036 2888 Uolusi-salis,
1057 2835 1151 2896 usqne

71 2921 197 2994 crescit,
217 2943 313 3003 neque
337 2920 499 2986 decrescit:
523 2921 572 2981 illa
596 2922 778 2982 Particularia
799 2933 918 2994 cono-a,
943 2933 1096 3003 augmenta
1123 2932 1152 2980 et

71 3025 258 3090 decrementa
270 3026 367 3090 habet.
380 3026 490 3112 Corpus
499 3040 596 3088 autem
605 3041 665 3101 est,
677 3028 835 3088 seeundum
846 3027 972 3101 Stoicos,
986 3041 1072 3110 atque
1082 3028 1151 3087 item
1211 3069 1215 3075 -

72 3135 169 3194 finita.
183 3133 237 3196 Est
250 3147 280 3196 et
298 3133 424 3216 patibilis
434 3159 444 3206 ;
455 3157 523 3197 uam
540 3138 566 3196 si
579 3135 781 3207 immutabilis3
798 3156 856 3194 non
879 3157 913 3196 ea
930 3159 992 3218 qum
1006 3137 1096 3210 fiunt,
1116 3155 1151 3194 ex

72 3262 111 3300 ea
128 3240 188 3302 sint
207 3239 292 3301 iacta.
307 3241 384 3302 Hine
399 3252 428 3302 et
442 3240 514 3307 illud
530 3263 728 3322 consequens,
745 3241 829 3323 ¹quod
843 3244 931 3302 sectio
946 3243 1023 3303 illius
1038 3245 1069 3302 in
1083 3243 1153 3302 inti-
1224 3253 1227 3260 ’

72 3346 168 3403 nitum
183 3345 224 3404 lit.
241 3347 280 3404 dt
292 3367 350 3404 non
367 3347 459 3426 ipsam
478 3347 637 3420 infinitam,
655 3347 834 3429 Chrysippus
849 3349 927 3409 dicit.
944 3349 1009 3410 Non
1023 3351 1099 3410 enim
1111 3361 1153 3410 est

72 3451 147 3510 dare
164 3451 326 3526 infinitum,
345 3454 376 3514 iu
391 3452 471 3534 quod
490 3455 578 3514 sectio
592 3453 685 3514 cadat.
709 3453 762 3514 Est
776 3468 872 3518 tutem
893 3459 1037 3517 continua.
1050 3483 1063 3510 a
1084 3457 1151 3516 Haeo

71 3560 125 3618 ille
139 3559 236 3619 stricte
257 3572 286 3619 et
299 3561 453 3644 caliginose
465 3562 533 3622 alibi
546 3585 556 3620 t
568 3563 637 3622 licet
651 3563 768 3630 uberius
781 3565 943 3646 clariusque
962 3565 1044 3624 nobis
1058 3565 1146 3623 effari.

70 3665 145 3738 Est,
160 3667 273 3747 inquit,
290 3691 306 3723 a
322 3667 414 3747 prima
427 3669 559 3727 essentia
573 3695 589 3722 ι
605 3669 681 3730 Sane
692 3672 785 3752 prima
803 3695 810 3730 t
831 3670 908 3731 unde
919 3671 1024 3752 alioqui
1035 3671 1150 3729 Princi-

69 3773 156 3855 pium
168 3787 197 3832 et
206 3795 285 3854 aque
294 3774 416 3853 primam
426 3787 616 3857 aeternamque
628 3798 690 3836 eam
701 3777 823 3852 iaciunt,
837 3792 923 3858 atque
934 3779 1027 3858 ipsum
1042 3776 1146 3839 Deum.

69 3879 197 3940 Zenonis
219 3879 306 3940 verbe
326 3882 438 3960 reperio
460 3879 515 3962 (In
536 3881 613 3941 Stob.
633 3881 792 3963 Physio.)=
813 3911 827 3937 a
841 3882 1001 3942 Essentiam
1023 3883 1150 3941 omniurn

68 4007 170 4045 rerum
182 3986 304 4066 primam
316 4007 395 4060 esse,
407 3987 561 4047 Materiam
577 4011 585 4046 a
602 3999 689 4069 atque
703 4011 768 4053 eam
779 4002 868 4052 totam
882 4002 1014 4052 eternam
1025 4011 1078 4049 nec
1089 4009 1152 4048 mo-

67 4095 164 4172 jorem
179 4113 233 4151 neo
254 4094 394 4156 minorem
417 4094 489 4154 lieri.
512 4121 526 4146 o
543 4095 611 4154 Hac
626 4117 768 4155 consensu
789 4095 848 4155 iere
866 4109 994 4158 veterum
1013 4096 1150 4155 doctrina.

67 4199 101 4274 Si
124 4199 202 4259 euim
223 4211 290 4260 nata
313 4199 443 4281 iactaque
462 4200 605 4272 Materia,
631 4221 667 4260 ex
683 4202 779 4282 aliquo
797 4201 898 4263 iactam
917 4219 1063 4263 necessum
1082 4210 1148 4262 est:
