2950 4934
431 460 711 531 EPISTOLA
736 459 835 527 CIV.
1113 466 1174 554 195

114 623 217 694 egro,
238 619 310 665 non
331 595 452 688 regio,
481 591 666 684 querende
691 608 755 661 est.
784 593 906 684 Fregit
927 593 1052 685 uliquis
1074 617 1173 677 erus,

113 728 165 782 aut
181 711 323 780 extorsit
341 707 522 778 articulum
544 732 551 771 :
574 729 644 774 non
666 705 863 774 vehiculum
885 729 1073 800 navemque
1094 732 1178 778 con-

116 827 256 909 suentlit,
278 823 340 894 sed
357 824 500 892 advooat
514 823 701 906 medicum,
719 837 759 892 nt
780 823 884 892 fractu
900 847 980 916 pars
991 825 1175 920 jungatur,

114 961 148 1012 ut
159 943 273 1012 lurum
288 944 327 1010 in
347 940 460 1010 loeum
476 955 676 1032 reponatur.
701 939 799 1032 Quid
814 941 921 1034 ergo?
938 941 1107 1022 animum,
1131 957 1181 1010 tot
1255 985 1259 998 .

115 1061 189 1130 loeis
201 1034 348 1128 leuetum
356 1072 392 1126 et
399 1071 580 1137 extortum,
595 1055 709 1124 eredis
721 1055 871 1124 looorum
885 1059 1071 1125 mutatione
1083 1083 1180 1152 posse

116 1179 249 1247 unsri?
264 1176 377 1270 Majus
394 1190 447 1242 est
463 1173 716 1261 istudmulum,
737 1197 839 1266 quam
857 1189 896 1240 ut
911 1176 1097 1266 gestatione
1115 1199 1182 1246 eu·

115 1309 204 1362 retur
215 1299 242 1360 ¹.
258 1291 496 1384 Peregrinatio
512 1313 582 1358 non
600 1289 681 1358 lucit
697 1287 885 1373 medicum,
904 1309 973 1358 nou
990 1304 1179 1378 oratorem3

116 1409 204 1478 nulla
218 1433 275 1476 ars
288 1409 363 1476 loco
376 1407 520 1475 discitur
534 1430 543 1470 ε
555 1403 641 1496 quid
655 1405 763 1497 ergo?
777 1405 961 1496 sapientia,
979 1427 1093 1473 rerum
1108 1428 1182 1474 om·
1211 1481 1221 1513 ¹

116 1527 205 1593 nium
222 1524 387 1606 maxima,
403 1523 441 1589 in
458 1522 584 1588 itinere
598 1519 941 1612 colligiturPNullum
954 1522 1040 1589 mihi
1060 1521 1180 1604 crede,

115 1644 179 1710 iter
193 1656 270 1725 est,
292 1641 385 1732 quod
412 1655 447 1708 te
466 1653 562 1707 extra
587 1635 819 1729 cupiditates,
848 1652 939 1705 extra
968 1639 1062 1721 iras,
1090 1655 1184 1707 extra

116 1758 333 1826 metueristst
351 1781 359 1821 :
375 1769 449 1835 ant,
470 1752 607 1845 siquod
623 1768 729 1836 esset,
750 1753 886 1844 agmine
903 1753 989 1820 laeto
1008 1777 1091 1847 gens
1103 1756 1185 1824 illuc

116 1873 263 1942 humana
279 1887 451 1966 pergeret.
469 1868 616 1938 Tamdiu
634 1869 700 1935 ista
716 1869 890 1960 urgebunt
906 1869 992 1937 male
1000 1919 1012 1956 ,
1034 1893 1187 1940 macera-'-

116 1989 269 2081 buntque
285 2009 347 2080 per
367 2002 474 2053 terras
489 2008 531 2053 ac
552 1984 660 2052 maria
676 2006 819 2076 rugum,
841 1983 1004 2075 quamdiu
1022 1986 1186 2055 malornm

118 2103 262 2195 gestaris
277 2124 406 2170 causas.

162 2222 296 2312 Fugam
319 2217 382 2285 tibi
402 2239 473 2285 non
495 2214 658 2316 prodesse
680 2215 842 2284 miraris?
863 2231 973 2284 tecum
995 2235 1090 2302 sunt,
1111 2243 1187 2311 quae

116 2333 218 2426 iugis.
238 2335 291 2402 Te
311 2334 417 2424 igitur
434 2329 595 2400 emenda!
618 2332 733 2412 Onera
754 2330 817 2399 tibi
837 2330 979 2400 detrahe
991 2339 1019 2418 ²,
1041 2351 1076 2403 et
1095 2335 1187 2404 desi-

115 2449 211 2518 deria
225 2450 316 2516 intra
324 2447 440 2516 saltem
451 2445 587 2516 modum
598 2443 751 2515 contine!
768 2471 900 2516 omnem
912 2453 1074 2520 exanimo
1085 2451 1188 2521 erade

116 2563 322 2661 nequitiam!
339 2568 375 2635 si
389 2566 440 2634 vis
454 2566 746 2658 peregrinationes
760 2564 886 2634 habere
895 2567 1077 2659 jucundas,
1092 2585 1187 2640 tuum
1215 2535 1246 2568 ²⁰

116 2685 274 2751 comitem
289 2679 387 2750 sana!
407 2680 560 2750 Haerehit
576 2679 638 2747 tibi
651 2681 810 2762 avaritia,
827 2683 989 2774 quamdiu
1003 2709 1105 2753 avaro
1120 2711 1190 2756 sor-

116 2795 268 2888 didoque
277 2795 483 2881 convixeris3
495 2792 638 2862 haerebit
648 2810 774 2877 tumor,
783 2796 945 2886 quamdiu
956 2821 1031 2865 cum
1041 2800 1188 2892 superbo

117 2911 392 2996 oonvemaberis3
412 2933 586 3002 uunquam
610 2911 771 2978 saevitiam
791 2912 828 2978 in
853 2915 989 2982 tortoris
1005 2915 1189 2984 contuber-

116 3031 174 3098 nio
189 3053 320 3122 poues3
339 3027 524 3096 incendent
546 3025 706 3096 libidines
725 3045 799 3096 tuas
816 3029 1046 3098 adulterorum
1063 3031 1190 3100 sodali·

116 3149 175 3212 tia.
199 3146 237 3213 Si
255 3142 340 3211 velis
358 3145 452 3212 vitiis
468 3145 568 3226 exui,
588 3142 689 3237 longe
706 3168 726 3212 a
744 3145 902 3214 vitiorum
917 3147 1078 3241 exemplis
1097 3170 1192 3216 rece-

1224 1481 1241 1531 ⁹

117 3339 165 3392 sibi
172 3339 314 3410 querenda
324 3338 464 3409 reliquisse.
472 3336 511 3390 Cf.
519 3338 632 3409 Epirus,
716 3359 739 3390 a.
746 3338 873 3402 Detrabe,
881 3349 907 3392 et
915 3342 1046 3395 desideria
1057 3347 1128 3396 intra
1136 3349 1199 3397 suta·

117 3417 201 3488 isqq.
215 3415 310 3468 Rutu
682 3427 735 3469 tem
749 3420 857 3471 modum
871 3425 976 3473 contine·
989 3422 1033 3474 Sir
1044 3421 1190 3495 Schweiglr.

151 3511 173 3545 s.
187 3493 285 3565 Quum
296 3497 476 3562 aegestatem
483 3504 590 3548 cuntur.
601 3493 633 3545 ln
682 3493 1192 3570 liuhlropfiusdat:detmlteetdesr'elen'ar

117 3571 224 3637 essedo,
239 3571 396 3622 successione
406 3587 478 3640 :qno
488 3569 634 3622 solemniter
682 3577 780 3626 saltem
797 3579 868 3628 intra
883 3579 991 3630 modum
1008 3584 1115 3634 contine.
1131 3581 1190 3644 sie,

116 3649 179 3700 olins
191 3659 314 3716 usurpata
328 3646 375 3698 luit
387 3646 528 3712 veteribus,
543 3647 633 3702 humo·
680 3651 779 3723 inquit,
789 3653 938 3710 editiorem.
949 3656 981 3707 al.
992 3655 1095 3708 Abeunt
1105 3667 1190 3710 tamen

117 3725 187 3780 ribus
198 3723 377 3788 detrahendis,
386 3724 510 3777 meatibus
519 3744 633 3778 resersu-
681 3729 755 3782 codd.
768 3742 793 3781 et
805 3730 919 3800 Erum,
934 3734 977 3805 qui
988 3733 1192 3789 labeonem-

117 3804 172 3866 dis,
184 3801 270 3858 calori
284 3802 423 3856 excitando.
437 3802 530 3874 Scripsi
540 3804 634 3874 episto·
682 3810 719 3860 da
729 3811 858 3864 desiderio
869 3849 876 3876 ,
892 3815 962 3863 intra
980 3817 1073 3866 saltem
1084 3817 1192 3867 modum

117 3881 169 3934 ism
186 3881 224 3935 ad
241 3881 369 3932 Orteliurn
386 3901 460 3953 super
477 3900 505 3932 es
524 3893 633 3946 tutare,
681 3890 799 3952 confine,
813 3887 881 3942 unde
892 3889 1027 3944 Pincianus
1038 3892 1098 3944 feeit
1115 3911 1121 3946 ι
1137 3895 1195 3946 Aut

119 3957 229 4012 untur.
242 3957 383 4010 Miscellsn.
397 3959 451 4024 lll,
472 3977 508 4012 rr.
520 3957 594 4028 Lips-
602 3985 637 3997 -
684 3968 839 4032 amundafi.
847 3967 931 4040 abige,
943 3971 1057 4042 expelle),
1068 3976 1193 4024 uutintrn

117 4037 244 4092 &efferri
263 4051 371 4090 meretur
384 4037 506 4111 Biittigeri
522 4037 634 4108 Sabina,
685 4049 794 4099 modum
818 4050 911 4100 satum
934 4053 1039 4103 eontine-
1058 4051 1108 4102 sed
1129 4051 1193 4103 illud

118 4117 299 4250 ffiffegie,
310 4131 338 4170 ut
346 4119 423 4187 solet,
437 4119 467 4172 de
479 4119 528 4172 ltae
538 4137 565 4171 re
577 4119 636 4192 egit.
686 4125 796 4252 {menda
808 4125 952 4204 repetitioni
970 4127 1129 4180 librariorum
1148 4127 1194 4180 de·

205 4237 213 4248 .
705 4211 767 4253 etur.
