<?xml version="1.0" encoding="UTF-8"?>
<!DOCTYPE html PUBLIC "-//W3C//DTD XHTML 1.0 Transitional//EN"
    "http://www.w3.org/TR/xhtml1/DTD/xhtml1-transitional.dtd">
<html xmlns="http://www.w3.org/1999/xhtml" xml:lang="en" lang="en">
 <head>
  <title>
</title>
<meta http-equiv="Content-Type" content="text/html;charset=utf-8" />
  <meta name='ocr-system' content='tesseract 3.04.00' />
  <meta name='ocr-capabilities' content='ocr_page ocr_carea ocr_par ocr_line ocrx_word'/>
</head>
<body>
  <div class='ocr_page' id='page_1' title='image "./lannsenecparspr04bouigoog_0345.png"; bbox 0 0 2950 4934; ppageno 0'>
   <div class='ocr_carea' id='block_1_1' title="bbox 428 429 1181 511">
    <p class='ocr_par' dir='ltr' id='par_1_1' title="bbox 428 429 1181 511">
     <span class='ocr_line' id='line_1_1' title="bbox 428 429 1181 511; baseline 0.017 -13"><span class='ocrx_word' id='word_1_1' title='bbox 428 429 695 499; x_wconf 78' lang='lat' dir='ltr'><strong>EPISTOLA</strong></span> <span class='ocrx_word' id='word_1_2' title='bbox 719 431 865 502; x_wconf 81' lang='lat' dir='ltr'><strong>cxxt.</strong></span> <span class='ocrx_word' id='word_1_3' title='bbox 1115 443 1181 511; x_wconf 80' lang='lat'><strong>335</strong></span> 
     </span>
    </p>
   </div>
   <div class='ocr_carea' id='block_1_2' title="bbox 95 558 1237 2288">
    <p class='ocr_par' dir='ltr' id='par_1_2' title="bbox 95 558 1237 2288">
     <span class='ocr_line' id='line_1_2' title="bbox 103 558 1182 661; baseline 0.007 -29"><span class='ocrx_word' id='word_1_4' title='bbox 103 561 153 632; x_wconf 80' lang='lat' dir='ltr'><strong>ad</strong></span> <span class='ocrx_word' id='word_1_5' title='bbox 174 559 274 630; x_wconf 84' lang='lat' dir='ltr'><strong>utilia</strong></span> <span class='ocrx_word' id='word_1_6' title='bbox 298 559 448 654; x_wconf 87' lang='lat' dir='ltr'><strong>impetus</strong></span> <span class='ocrx_word' id='word_1_7' title='bbox 460 571 483 647; x_wconf 86' lang='lat'><strong>¹,</strong></span> <span class='ocrx_word' id='word_1_8' title='bbox 502 558 675 629; x_wconf 70' lang='lat' dir='ltr'><strong>naturales</strong></span> <span class='ocrx_word' id='word_1_9' title='bbox 692 584 713 629; x_wconf 83' lang='lat' dir='ltr'><strong>a</strong></span> <span class='ocrx_word' id='word_1_10' title='bbox 731 565 913 634; x_wconf 72' lang='lat' dir='ltr'><strong>contrariis</strong></span> <span class='ocrx_word' id='word_1_11' title='bbox 928 571 1182 661; x_wconf 68' lang='lat' dir='ltr'><strong>aspernationes</strong></span> 
     </span>
     <span class='ocr_line' id='line_1_3' title="bbox 103 675 1181 770; baseline 0.01 -24"><span class='ocrx_word' id='word_1_12' title='bbox 103 693 188 746; x_wconf 88' lang='lat' dir='ltr'><strong>sunt</strong></span> <span class='ocrx_word' id='word_1_13' title='bbox 203 697 213 742; x_wconf 73' lang='grc' dir='ltr'><strong>ε</strong></span> <span class='ocrx_word' id='word_1_14' title='bbox 227 675 301 744; x_wconf 81' lang='lat' dir='ltr'><strong>sine</strong></span> <span class='ocrx_word' id='word_1_15' title='bbox 313 675 386 743; x_wconf 87' lang='lat' dir='ltr'><strong>ulia</strong></span> <span class='ocrx_word' id='word_1_16' title='bbox 398 675 615 770; x_wconf 75' lang='lat' dir='ltr'><strong>cogitatione,</strong></span> <span class='ocrx_word' id='word_1_17' title='bbox 626 698 703 767; x_wconf 84' lang='lat' dir='ltr'><strong>quae</strong></span> <span class='ocrx_word' id='word_1_18' title='bbox 716 677 783 746; x_wconf 87' lang='lat' dir='ltr'><strong>hoc</strong></span> <span class='ocrx_word' id='word_1_19' title='bbox 797 676 902 750; x_wconf 85' lang='lat' dir='ltr'><strong>dictet</strong></span> <span class='ocrx_word' id='word_1_20' title='bbox 912 687 940 768; x_wconf 87' lang='lat'><strong>²,</strong></span> <span class='ocrx_word' id='word_1_21' title='bbox 955 684 1029 754; x_wconf 86' lang='lat' dir='ltr'><strong>sine</strong></span> <span class='ocrx_word' id='word_1_22' title='bbox 1042 687 1181 756; x_wconf 88' lang='lat' dir='ltr'><strong>oonsilio</strong></span> 
     </span>
     <span class='ocr_line' id='line_1_4' title="bbox 103 786 1182 894; baseline 0.012 -34"><span class='ocrx_word' id='word_1_23' title='bbox 103 793 167 874; x_wconf 86' lang='lat' dir='ltr'><strong>tit,</strong></span> <span class='ocrx_word' id='word_1_24' title='bbox 190 789 362 884; x_wconf 90' lang='lat' dir='ltr'><strong>quidquid</strong></span> <span class='ocrx_word' id='word_1_25' title='bbox 386 806 508 858; x_wconf 85' lang='lat' dir='ltr'><strong>natura</strong></span> <span class='ocrx_word' id='word_1_26' title='bbox 531 786 732 884; x_wconf 78' lang='lat' dir='ltr'><strong>praeoepit³·.</strong></span> <span class='ocrx_word' id='word_1_27' title='bbox 753 796 831 864; x_wconf 88' lang='lat' dir='ltr'><strong>Non</strong></span> <span class='ocrx_word' id='word_1_28' title='bbox 852 798 974 884; x_wconf 85' lang='lat' dir='ltr'><strong>vides,</strong></span> <span class='ocrx_word' id='word_1_29' title='bbox 994 817 1122 894; x_wconf 75' lang='lat' dir='ltr'><strong>quanto</strong></span> <span class='ocrx_word' id='word_1_30' title='bbox 1138 806 1182 874; x_wconf 82' lang='lat' dir='ltr'><strong>sit</strong></span> 
     </span>
     <span class='ocr_line' id='line_1_5' title="bbox 102 904 1180 1008; baseline 0.006 -30"><span class='ocrx_word' id='word_1_31' title='bbox 102 909 278 978; x_wconf 82' lang='lat' dir='ltr'><strong>subtilitas</strong></span> <span class='ocrx_word' id='word_1_32' title='bbox 296 907 418 1002; x_wconf 84' lang='lat' dir='ltr'><strong>opibus</strong></span> <span class='ocrx_word' id='word_1_33' title='bbox 433 904 480 976; x_wconf 81' lang='lat' dir='ltr'><strong>od</strong></span> <span class='ocrx_word' id='word_1_34' title='bbox 493 905 654 1002; x_wconf 77' lang='lat' dir='ltr'><strong>tingendo</strong></span> <span class='ocrx_word' id='word_1_35' title='bbox 669 907 869 984; x_wconf 75' lang='lat' dir='ltr'><strong>domicilia?</strong></span> <span class='ocrx_word' id='word_1_36' title='bbox 887 933 1013 1008; x_wconf 76' lang='lat' dir='ltr'><strong>quanta</strong></span> <span class='ocrx_word' id='word_1_37' title='bbox 1026 911 1180 990; x_wconf 81' lang='lat' dir='ltr'><strong>⁴dividui</strong></span> 
     </span>
     <span class='ocr_line' id='line_1_6' title="bbox 102 1022 1237 1122; baseline 0.006 -28"><span class='ocrx_word' id='word_1_38' title='bbox 102 1026 236 1095; x_wconf 81' lang='lat' dir='ltr'><strong>laboris</strong></span> <span class='ocrx_word' id='word_1_39' title='bbox 253 1022 402 1093; x_wconf 88' lang='lat' dir='ltr'><strong>obeundi</strong></span> <span class='ocrx_word' id='word_1_40' title='bbox 421 1022 604 1094; x_wconf 84' lang='lat' dir='ltr'><strong>concordia</strong></span> <span class='ocrx_word' id='word_1_41' title='bbox 615 1024 631 1094; x_wconf 69' lang='grc' dir='ltr'><strong>ἱ)</strong></span> <span class='ocrx_word' id='word_1_42' title='bbox 643 1026 721 1092; x_wconf 90' lang='lat' dir='ltr'><strong>Non</strong></span> <span class='ocrx_word' id='word_1_43' title='bbox 737 1025 834 1096; x_wconf 84' lang='lat' dir='ltr'><strong>vides</strong></span> <span class='ocrx_word' id='word_1_44' title='bbox 849 1079 860 1113; x_wconf 91' lang='lat'><strong>,</strong></span> <span class='ocrx_word' id='word_1_45' title='bbox 877 1055 979 1122; x_wconf 78' lang='lat' dir='ltr'><strong>qnam</strong></span> <span class='ocrx_word' id='word_1_46' title='bbox 993 1035 1079 1104; x_wconf 86' lang='lat' dir='ltr'><strong>nulli</strong></span> <span class='ocrx_word' id='word_1_47' title='bbox 1092 1062 1182 1108; x_wconf 87' lang='lat' dir='ltr'><strong>moo-</strong></span> <span class='ocrx_word' id='word_1_48' title='bbox 1206 1069 1237 1102; x_wconf 67' lang='grc' dir='ltr'><strong><em>υ</em></strong></span> 
     </span>
     <span class='ocr_line' id='line_1_7' title="bbox 99 1135 1179 1244; baseline 0.013 -34"><span class='ocrx_word' id='word_1_49' title='bbox 99 1143 227 1211; x_wconf 83' lang='lat' dir='ltr'><strong>talium</strong></span> <span class='ocrx_word' id='word_1_50' title='bbox 241 1140 417 1209; x_wconf 81' lang='lat' dir='ltr'><strong>imitabilis</strong></span> <span class='ocrx_word' id='word_1_51' title='bbox 437 1140 497 1210; x_wconf 84' lang='lat' dir='ltr'><strong>itta</strong></span> <span class='ocrx_word' id='word_1_52' title='bbox 519 1141 636 1208; x_wconf 83' lang='lat' dir='ltr'><strong>uranei</strong></span> <span class='ocrx_word' id='word_1_53' title='bbox 656 1135 830 1214; x_wconf 75' lang='lat' dir='ltr'><strong>textura⁵t</strong></span> <span class='ocrx_word' id='word_1_54' title='bbox 843 1151 961 1240; x_wconf 86' lang='lat' dir='ltr'><strong>quanti</strong></span> <span class='ocrx_word' id='word_1_55' title='bbox 978 1154 1092 1244; x_wconf 87' lang='lat' dir='ltr'><strong>operis</strong></span> <span class='ocrx_word' id='word_1_56' title='bbox 1108 1156 1179 1241; x_wconf 82' lang='lat' dir='ltr'><strong>eit,</strong></span> 
     </span>
     <span class='ocr_line' id='line_1_8' title="bbox 100 1257 1175 1356; baseline 0.015 -31"><span class='ocrx_word' id='word_1_57' title='bbox 100 1259 164 1326; x_wconf 79' lang='lat' dir='ltr'><strong>fita</strong></span> <span class='ocrx_word' id='word_1_58' title='bbox 184 1257 390 1351; x_wconf 72' lang='lat' dir='ltr'><strong>disponere,</strong></span> <span class='ocrx_word' id='word_1_59' title='bbox 409 1257 476 1324; x_wconf 78' lang='lat' dir='ltr'><strong>alia</strong></span> <span class='ocrx_word' id='word_1_60' title='bbox 493 1257 529 1324; x_wconf 94' lang='lat' dir='ltr'><strong>in</strong></span> <span class='ocrx_word' id='word_1_61' title='bbox 546 1271 677 1325; x_wconf 85' lang='lat' dir='ltr'><strong>rectum</strong></span> <span class='ocrx_word' id='word_1_62' title='bbox 694 1258 844 1330; x_wconf 82' lang='lat' dir='ltr'><strong>immissu</strong></span> <span class='ocrx_word' id='word_1_63' title='bbox 860 1263 1175 1356; x_wconf 77' lang='lat' dir='ltr'><strong>firmamentiloco,</strong></span> 
     </span>
     <span class='ocr_line' id='line_1_9' title="bbox 98 1368 1178 1472; baseline 0.001 -31"><span class='ocrx_word' id='word_1_64' title='bbox 98 1374 173 1442; x_wconf 83' lang='lat' dir='ltr'><strong>etia</strong></span> <span class='ocrx_word' id='word_1_65' title='bbox 186 1375 225 1441; x_wconf 93' lang='lat' dir='ltr'><strong>in</strong></span> <span class='ocrx_word' id='word_1_66' title='bbox 238 1368 358 1441; x_wconf 86' lang='lat' dir='ltr'><strong>orbem</strong></span> <span class='ocrx_word' id='word_1_67' title='bbox 368 1371 543 1456; x_wconf 81' lang='lat' dir='ltr'><strong>currentia</strong></span> <span class='ocrx_word' id='word_1_68' title='bbox 555 1393 596 1439; x_wconf 83' lang='lat' dir='ltr'><strong>ex</strong></span> <span class='ocrx_word' id='word_1_69' title='bbox 608 1370 713 1440; x_wconf 89' lang='lat' dir='ltr'><strong>denso</strong></span> <span class='ocrx_word' id='word_1_70' title='bbox 729 1397 806 1443; x_wconf 79' lang='lat' dir='ltr'><strong>reru</strong></span> <span class='ocrx_word' id='word_1_71' title='bbox 817 1378 832 1444; x_wconf 80' lang='grc' dir='ltr'>Ρ</span> <span class='ocrx_word' id='word_1_72' title='bbox 845 1401 946 1472; x_wconf 79' lang='lat' dir='ltr'><strong>quam</strong></span> <span class='ocrx_word' id='word_1_73' title='bbox 960 1383 1092 1454; x_wconf 73' lang='lat' dir='ltr'><strong>minora</strong></span> <span class='ocrx_word' id='word_1_74' title='bbox 1101 1388 1178 1454; x_wconf 70' lang='lat' dir='ltr'><strong>ani.</strong></span> 
     </span>
     <span class='ocr_line' id='line_1_10' title="bbox 99 1479 1180 1582; baseline 0 -24"><span class='ocrx_word' id='word_1_75' title='bbox 99 1488 206 1558; x_wconf 84' lang='lat' dir='ltr'><strong>malio</strong></span> <span class='ocrx_word' id='word_1_76' title='bbox 218 1479 246 1571; x_wconf 78' lang='lat'><strong>⁶,</strong></span> <span class='ocrx_word' id='word_1_77' title='bbox 268 1489 305 1555; x_wconf 92' lang='lat' dir='ltr'><strong>in</strong></span> <span class='ocrx_word' id='word_1_78' title='bbox 323 1508 467 1580; x_wconf 89' lang='lat' dir='ltr'><strong>quorum</strong></span> <span class='ocrx_word' id='word_1_79' title='bbox 485 1487 673 1580; x_wconf 86' lang='lat' dir='ltr'><strong>pernicicm</strong></span> <span class='ocrx_word' id='word_1_80' title='bbox 690 1486 749 1558; x_wconf 73' lang='lat' dir='ltr'><strong>itta</strong></span> <span class='ocrx_word' id='word_1_81' title='bbox 770 1493 975 1582; x_wconf 85' lang='lat' dir='ltr'><strong>tenduntur,</strong></span> <span class='ocrx_word' id='word_1_82' title='bbox 991 1502 1084 1569; x_wconf 80' lang='lat' dir='ltr'><strong>velut</strong></span> <span class='ocrx_word' id='word_1_83' title='bbox 1099 1505 1180 1574; x_wconf 76' lang='lat' dir='ltr'><strong>reti.</strong></span> 
     </span>
     <span class='ocr_line' id='line_1_11' title="bbox 98 1600 1235 1699; baseline 0.012 -29"><span class='ocrx_word' id='word_1_84' title='bbox 98 1603 168 1672; x_wconf 88' lang='lat' dir='ltr'><strong>bus</strong></span> <span class='ocrx_word' id='word_1_85' title='bbox 189 1602 365 1696; x_wconf 79' lang='lat' dir='ltr'><strong>implicate</strong></span> <span class='ocrx_word' id='word_1_86' title='bbox 378 1600 755 1673; x_wconf 74' lang='lat' dir='ltr'><strong>tencanturiNuscitur</strong></span> <span class='ocrx_word' id='word_1_87' title='bbox 767 1631 823 1676; x_wconf 84' lang='lat' dir='ltr'><strong>ars</strong></span> <span class='ocrx_word' id='word_1_88' title='bbox 836 1611 899 1680; x_wconf 84' lang='lat' dir='ltr'><strong>ista</strong></span> <span class='ocrx_word' id='word_1_89' title='bbox 908 1663 919 1699; x_wconf 88' lang='lat'><strong>,</strong></span> <span class='ocrx_word' id='word_1_90' title='bbox 937 1639 1006 1682; x_wconf 92' lang='lat' dir='ltr'><strong>non</strong></span> <span class='ocrx_word' id='word_1_91' title='bbox 1020 1617 1174 1692; x_wconf 74' lang='lat' dir='ltr'><strong>discitur.</strong></span> <span class='ocrx_word' id='word_1_92' title='bbox 1204 1631 1235 1684; x_wconf 80' lang='lat'><strong>23</strong></span> 
     </span>
     <span class='ocr_line' id='line_1_12' title="bbox 103 1713 1179 1810; baseline 0.006 -24"><span class='ocrx_word' id='word_1_93' title='bbox 103 1721 230 1810; x_wconf 88' lang='lat' dir='ltr'><strong>ltuque</strong></span> <span class='ocrx_word' id='word_1_94' title='bbox 244 1718 378 1786; x_wconf 88' lang='lat' dir='ltr'><strong>nullum</strong></span> <span class='ocrx_word' id='word_1_95' title='bbox 395 1732 447 1785; x_wconf 86' lang='lat' dir='ltr'><strong>eet</strong></span> <span class='ocrx_word' id='word_1_96' title='bbox 456 1716 582 1784; x_wconf 84' lang='lat' dir='ltr'><strong>animal</strong></span> <span class='ocrx_word' id='word_1_97' title='bbox 596 1715 703 1785; x_wconf 82' lang='lat' dir='ltr'><strong>altero</strong></span> <span class='ocrx_word' id='word_1_98' title='bbox 717 1716 861 1792; x_wconf 85' lang='lat' dir='ltr'><strong>doctius.</strong></span> <span class='ocrx_word' id='word_1_99' title='bbox 878 1713 1018 1798; x_wconf 68' lang='lat' dir='ltr'><strong>Videbis</strong></span> <span class='ocrx_word' id='word_1_100' title='bbox 1034 1757 1179 1806; x_wconf 71' lang='lat' dir='ltr'><strong>araneo.</strong></span> 
     </span>
     <span class='ocr_line' id='line_1_13' title="bbox 99 1831 1173 1928; baseline 0.019 -27"><span class='ocrx_word' id='word_1_101' title='bbox 99 1857 182 1902; x_wconf 85' lang='lat' dir='ltr'><strong>rum</strong></span> <span class='ocrx_word' id='word_1_102' title='bbox 192 1856 293 1928; x_wconf 85' lang='lat' dir='ltr'><strong>pares</strong></span> <span class='ocrx_word' id='word_1_103' title='bbox 303 1832 401 1916; x_wconf 82' lang='lat' dir='ltr'><strong>telos,</strong></span> <span class='ocrx_word' id='word_1_104' title='bbox 410 1855 475 1928; x_wconf 84' lang='lat' dir='ltr'><strong>pur</strong></span> <span class='ocrx_word' id='word_1_105' title='bbox 483 1833 520 1899; x_wconf 92' lang='lat' dir='ltr'><strong>in</strong></span> <span class='ocrx_word' id='word_1_106' title='bbox 529 1831 838 1926; x_wconf 65' lang='lat' dir='ltr'><strong>doitrangulorum</strong></span> <span class='ocrx_word' id='word_1_107' title='bbox 851 1844 999 1912; x_wconf 85' lang='lat' dir='ltr'><strong>omniurn</strong></span> <span class='ocrx_word' id='word_1_108' title='bbox 1012 1846 1173 1922; x_wconf 81' lang='lat' dir='ltr'><strong>foramen.</strong></span> 
     </span>
     <span class='ocr_line' id='line_1_14' title="bbox 97 1945 1176 2059; baseline 0.018 -41"><span class='ocrx_word' id='word_1_109' title='bbox 97 1951 282 2019; x_wconf 88' lang='lat' dir='ltr'><strong>Incertum</strong></span> <span class='ocrx_word' id='word_1_110' title='bbox 298 1965 350 2018; x_wconf 85' lang='lat' dir='ltr'><strong>est</strong></span> <span class='ocrx_word' id='word_1_111' title='bbox 361 1965 396 2017; x_wconf 88' lang='lat' dir='ltr'><strong>et</strong></span> <span class='ocrx_word' id='word_1_112' title='bbox 407 1945 601 2040; x_wconf 69' lang='lat' dir='ltr'><strong>inaequale.</strong></span> <span class='ocrx_word' id='word_1_113' title='bbox 622 1946 791 2042; x_wconf 86' lang='lat' dir='ltr'><strong>quidquid</strong></span> <span class='ocrx_word' id='word_1_114' title='bbox 808 1979 864 2024; x_wconf 86' lang='lat' dir='ltr'><strong>ars</strong></span> <span class='ocrx_word' id='word_1_115' title='bbox 880 1957 1009 2050; x_wconf 72' lang='lat' dir='ltr'><strong>tradit,</strong></span> <span class='ocrx_word' id='word_1_116' title='bbox 1027 1985 1066 2030; x_wconf 85' lang='lat' dir='ltr'><strong>ex</strong></span> <span class='ocrx_word' id='word_1_117' title='bbox 1080 1989 1176 2059; x_wconf 85' lang='lat' dir='ltr'><strong>aequo</strong></span> 
     </span>
     <span class='ocr_line' id='line_1_15' title="bbox 96 2055 1176 2176; baseline 0.017 -41"><span class='ocrx_word' id='word_1_118' title='bbox 96 2067 223 2149; x_wconf 81' lang='lat' dir='ltr'><strong>venit,</strong></span> <span class='ocrx_word' id='word_1_119' title='bbox 243 2065 336 2158; x_wconf 88' lang='lat' dir='ltr'><strong>qnod</strong></span> <span class='ocrx_word' id='word_1_120' title='bbox 353 2055 475 2134; x_wconf 74' lang='lat' dir='ltr'><strong>nutura</strong></span> <span class='ocrx_word' id='word_1_121' title='bbox 494 2063 680 2133; x_wconf 72' lang='lat' dir='ltr'><strong>distribuit.</strong></span> <span class='ocrx_word' id='word_1_122' title='bbox 701 2069 784 2138; x_wconf 84' lang='lat' dir='ltr'><strong>Haec</strong></span> <span class='ocrx_word' id='word_1_123' title='bbox 806 2074 894 2142; x_wconf 89' lang='lat' dir='ltr'><strong>nihil</strong></span> <span class='ocrx_word' id='word_1_124' title='bbox 914 2080 1046 2172; x_wconf 80' lang='lat' dir='ltr'><strong>magis,</strong></span> <span class='ocrx_word' id='word_1_125' title='bbox 1074 2107 1176 2176; x_wconf 83' lang='lat' dir='ltr'><strong>qoam</strong></span> 
     </span>
     <span class='ocr_line' id='line_1_16' title="bbox 95 2178 1189 2288; baseline 0.016 -38"><span class='ocrx_word' id='word_1_126' title='bbox 95 2184 246 2254; x_wconf 82' lang='lat' dir='ltr'><strong>tutelam</strong></span> <span class='ocrx_word' id='word_1_127' title='bbox 267 2181 321 2250; x_wconf 83' lang='lat' dir='ltr'><strong>sui</strong></span> <span class='ocrx_word' id='word_1_128' title='bbox 344 2198 379 2251; x_wconf 85' lang='lat' dir='ltr'><strong>et</strong></span> <span class='ocrx_word' id='word_1_129' title='bbox 402 2179 477 2276; x_wconf 85' lang='lat' dir='ltr'><strong>ejus</strong></span> <span class='ocrx_word' id='word_1_130' title='bbox 501 2178 685 2276; x_wconf 80' lang='lat' dir='ltr'><strong>peritiam,</strong></span> <span class='ocrx_word' id='word_1_131' title='bbox 711 2185 873 2278; x_wconf 78' lang='lat' dir='ltr'><strong>tradidit3</strong></span> <span class='ocrx_word' id='word_1_132' title='bbox 902 2193 1049 2288; x_wconf 88' lang='lat' dir='ltr'><strong>ideoque</strong></span> <span class='ocrx_word' id='word_1_133' title='bbox 1073 2201 1189 2270; x_wconf 84' lang='lat' dir='ltr'><strong>etiam·</strong></span> 
     </span>
    </p>
   </div>
   <div class='ocr_carea' id='block_1_3' title="bbox 94 2373 1185 2606">
    <p class='ocr_par' dir='ltr' id='par_1_3' title="bbox 94 2373 1185 2606">
     <span class='ocr_line' id='line_1_17' title="bbox 133 2373 1185 2463; baseline 0.006 -33"><span class='ocrx_word' id='word_1_134' title='bbox 133 2397 157 2430; x_wconf 83' lang='grc' dir='ltr'><strong>ι.</strong></span> <span class='ocrx_word' id='word_1_135' title='bbox 177 2373 324 2428; x_wconf 76' lang='lat' dir='ltr'><strong>Naturales</strong></span> <span class='ocrx_word' id='word_1_136' title='bbox 344 2378 384 2428; x_wconf 83' lang='lat' dir='ltr'><strong>ad</strong></span> <span class='ocrx_word' id='word_1_137' title='bbox 399 2378 476 2428; x_wconf 81' lang='lat' dir='ltr'><strong>utttta</strong></span> <span class='ocrx_word' id='word_1_138' title='bbox 489 2377 601 2445; x_wconf 84' lang='lat' dir='ltr'><strong>impetus</strong></span> <span class='ocrx_word' id='word_1_139' title='bbox 611 2408 619 2437; x_wconf 92' lang='lat'><strong>,</strong></span> <span class='ocrx_word' id='word_1_140' title='bbox 669 2374 749 2430; x_wconf 80' lang='lat' dir='ltr'><strong>licien</strong></span> <span class='ocrx_word' id='word_1_141' title='bbox 767 2377 902 2452; x_wconf 76' lang='lat' dir='ltr'><strong>Religion,</strong></span> <span class='ocrx_word' id='word_1_142' title='bbox 918 2407 941 2459; x_wconf 92' lang='lat' dir='ltr'><strong>p.</strong></span> <span class='ocrx_word' id='word_1_143' title='bbox 955 2386 1003 2442; x_wconf 82' lang='lat'><strong>350</strong></span> <span class='ocrx_word' id='word_1_144' title='bbox 1019 2409 1073 2463; x_wconf 74' lang='lat' dir='ltr'><strong>sqq,</strong></span> <span class='ocrx_word' id='word_1_145' title='bbox 1090 2394 1128 2446; x_wconf 58' lang='lat' dir='ltr'><strong>gd.</strong></span> <span class='ocrx_word' id='word_1_146' title='bbox 1140 2395 1185 2448; x_wconf 75' lang='lat' dir='ltr'><strong>lv,</strong></span> 
     </span>
     <span class='ocr_line' id='line_1_18' title="bbox 94 2449 759 2521; baseline -0.002 -14"><span class='ocrx_word' id='word_1_147' title='bbox 94 2455 424 2516; x_wconf 75' lang='lat' dir='ltr'><strong>natamlesacontroriis,</strong></span> <span class='ocrx_word' id='word_1_148' title='bbox 443 2465 490 2506; x_wconf 90' lang='lat' dir='ltr'><strong>ete.</strong></span> <span class='ocrx_word' id='word_1_149' title='bbox 503 2453 620 2521; x_wconf 76' lang='lat' dir='ltr'><strong>Quotoor</strong></span> <span class='ocrx_word' id='word_1_150' title='bbox 668 2449 759 2506; x_wconf 75' lang='lat' dir='ltr'><strong>ttutt.</strong></span> 
     </span>
     <span class='ocr_line' id='line_1_19' title="bbox 95 2531 1182 2606; baseline 0.018 -21"><span class='ocrx_word' id='word_1_151' title='bbox 95 2532 185 2605; x_wconf 82' lang='lat' dir='ltr'><strong>priore</strong></span> <span class='ocrx_word' id='word_1_152' title='bbox 197 2531 274 2584; x_wconf 77' lang='lat' dir='ltr'><strong>serbe</strong></span> <span class='ocrx_word' id='word_1_153' title='bbox 282 2569 290 2595; x_wconf 90' lang='lat'><strong>,</strong></span> <span class='ocrx_word' id='word_1_154' title='bbox 304 2550 384 2601; x_wconf 87' lang='lat' dir='ltr'><strong>quum</strong></span> <span class='ocrx_word' id='word_1_155' title='bbox 396 2532 511 2585; x_wconf 80' lang='lat' dir='ltr'><strong>deessent</strong></span> <span class='ocrx_word' id='word_1_156' title='bbox 524 2531 618 2601; x_wconf 77' lang='lat' dir='ltr'><strong>vulgo,</strong></span> <span class='ocrx_word' id='word_1_157' title='bbox 701 2535 725 2584; x_wconf 86' lang='grc'><strong>5.</strong></span> <span class='ocrx_word' id='word_1_158' title='bbox 733 2536 878 2592; x_wconf 79' lang='lat' dir='ltr'><strong>Jmteate&#39;tts</strong></span> <span class='ocrx_word' id='word_1_159' title='bbox 895 2543 943 2594; x_wconf 86' lang='lat' dir='ltr'><strong>itla</strong></span> <span class='ocrx_word' id='word_1_160' title='bbox 961 2550 1056 2600; x_wconf 86' lang='lat' dir='ltr'><strong>aranei</strong></span> <span class='ocrx_word' id='word_1_161' title='bbox 1067 2559 1182 2606; x_wconf 76' lang='lat' dir='ltr'><strong>textura.</strong></span> 
     </span>
    </p>
   </div>
   <div class='ocr_carea' id='block_1_4' title="bbox 96 2607 1184 2770">
    <p class='ocr_par' dir='ltr' id='par_1_4' title="bbox 96 2607 1184 2770">
     <span class='ocr_line' id='line_1_20' title="bbox 96 2607 1184 2700; baseline 0.022 -39"><span class='ocrx_word' id='word_1_162' title='bbox 96 2611 171 2663; x_wconf 80' lang='lat' dir='ltr'><strong>dedit</strong></span> <span class='ocrx_word' id='word_1_163' title='bbox 182 2628 230 2661; x_wconf 83' lang='lat' dir='ltr'><strong>ms·</strong></span> <span class='ocrx_word' id='word_1_164' title='bbox 241 2629 268 2660; x_wconf 87' lang='lat' dir='ltr'><strong>a.</strong></span> <span class='ocrx_word' id='word_1_165' title='bbox 276 2607 358 2663; x_wconf 71' lang='lat' dir='ltr'><strong>Sctw.</strong></span> <span class='ocrx_word' id='word_1_166' title='bbox 668 2611 753 2683; x_wconf 72' lang='lat' dir='ltr'><strong>Vulgo</strong></span> <span class='ocrx_word' id='word_1_167' title='bbox 765 2619 799 2668; x_wconf 87' lang='lat' dir='ltr'><strong>sit</strong></span> <span class='ocrx_word' id='word_1_168' title='bbox 809 2619 859 2672; x_wconf 84' lang='lat' dir='ltr'><strong>iiia</strong></span> <span class='ocrx_word' id='word_1_169' title='bbox 871 2620 909 2674; x_wconf 93' lang='lat' dir='ltr'><strong>ed.</strong></span> <span class='ocrx_word' id='word_1_170' title='bbox 922 2641 950 2673; x_wconf 83' lang='lat' dir='ltr'><strong>ex</strong></span> <span class='ocrx_word' id='word_1_171' title='bbox 961 2623 996 2675; x_wconf 79' lang='lat' dir='ltr'><strong>It.</strong></span> <span class='ocrx_word' id='word_1_172' title='bbox 1008 2627 1052 2678; x_wconf 88' lang='lat' dir='ltr'><strong>sed</strong></span> <span class='ocrx_word' id='word_1_173' title='bbox 1062 2627 1184 2700; x_wconf 79' lang='lat' dir='ltr'><strong>ignorent</strong></span> 
     </span>
     <span class='ocr_line' id='line_1_21' title="bbox 130 2686 1181 2770; baseline 0.021 -34"><span class='ocrx_word' id='word_1_174' title='bbox 130 2687 225 2738; x_wconf 54' lang='lat' dir='ltr'><strong>adine</strong></span> <span class='ocrx_word' id='word_1_175' title='bbox 242 2687 300 2738; x_wconf 81' lang='lat' dir='ltr'><strong>nita</strong></span> <span class='ocrx_word' id='word_1_176' title='bbox 315 2688 483 2754; x_wconf 72' lang='lat' dir='ltr'><strong>cogitatione,</strong></span> <span class='ocrx_word' id='word_1_177' title='bbox 501 2703 560 2756; x_wconf 82' lang='lat' dir='ltr'><strong>quot</strong></span> <span class='ocrx_word' id='word_1_178' title='bbox 575 2686 621 2739; x_wconf 78' lang='lat' dir='ltr'><strong>hoc</strong></span> <span class='ocrx_word' id='word_1_179' title='bbox 668 2689 772 2744; x_wconf 85' lang='lat' dir='ltr'><strong>verbum</strong></span> <span class='ocrx_word' id='word_1_180' title='bbox 786 2715 812 2745; x_wconf 89' lang='lat' dir='ltr'><strong>a.</strong></span> <span class='ocrx_word' id='word_1_181' title='bbox 828 2714 849 2748; x_wconf 89' lang='lat' dir='ltr'><strong>c.</strong></span> <span class='ocrx_word' id='word_1_182' title='bbox 862 2697 897 2749; x_wconf 83' lang='lat' dir='ltr'><strong>A.</strong></span> <span class='ocrx_word' id='word_1_183' title='bbox 910 2701 1014 2754; x_wconf 81' lang='lat' dir='ltr'><strong>Araner&#39;</strong></span> <span class='ocrx_word' id='word_1_184' title='bbox 1031 2724 1109 2770; x_wconf 84' lang='lat' dir='ltr'><strong>vero,</strong></span> <span class='ocrx_word' id='word_1_185' title='bbox 1128 2727 1181 2761; x_wconf 86' lang='lat' dir='ltr'><strong>non</strong></span> 
     </span>
    </p>
   </div>
   <div class='ocr_carea' id='block_1_5' title="bbox 90 2763 1191 4256">
    <p class='ocr_par' dir='ltr' id='par_1_5' title="bbox 90 2763 1191 4256">
     <span class='ocr_line' id='line_1_22' title="bbox 94 2763 1181 2840; baseline 0.021 -23"><span class='ocrx_word' id='word_1_186' title='bbox 94 2765 184 2818; x_wconf 56' lang='lat' dir='ltr'><strong>distet.</strong></span> <span class='ocrx_word' id='word_1_187' title='bbox 198 2763 288 2833; x_wconf 80' lang='lat' dir='ltr'><strong>Quum</strong></span> <span class='ocrx_word' id='word_1_188' title='bbox 306 2764 418 2817; x_wconf 77' lang='lat' dir='ltr'><strong>deessent</strong></span> <span class='ocrx_word' id='word_1_189' title='bbox 433 2763 496 2817; x_wconf 86' lang='lat' dir='ltr'><strong>olim</strong></span> <span class='ocrx_word' id='word_1_190' title='bbox 509 2764 556 2818; x_wconf 82' lang='lat' dir='ltr'><strong>tris</strong></span> <span class='ocrx_word' id='word_1_191' title='bbox 567 2785 619 2838; x_wconf 93' lang='lat' dir='ltr'><strong>po-</strong></span> <span class='ocrx_word' id='word_1_192' title='bbox 670 2787 786 2836; x_wconf 86' lang='lat' dir='ltr'><strong>araneoe,</strong></span> <span class='ocrx_word' id='word_1_193' title='bbox 798 2785 823 2824; x_wconf 91' lang='lat' dir='ltr'><strong>ut</strong></span> <span class='ocrx_word' id='word_1_194' title='bbox 834 2771 953 2840; x_wconf 76' lang='lat' dir='ltr'><strong>aiibi,sie</strong></span> <span class='ocrx_word' id='word_1_195' title='bbox 963 2790 987 2832; x_wconf 90' lang='lat' dir='ltr'><strong>et</strong></span> <span class='ocrx_word' id='word_1_196' title='bbox 997 2779 1020 2830; x_wconf 89' lang='lat' dir='ltr'><strong>h.</strong></span> <span class='ocrx_word' id='word_1_197' title='bbox 1031 2780 1047 2833; x_wconf 86' lang='lat' dir='ltr'><strong>i.</strong></span> <span class='ocrx_word' id='word_1_198' title='bbox 1055 2781 1125 2836; x_wconf 83' lang='lat' dir='ltr'><strong>dedit</strong></span> <span class='ocrx_word' id='word_1_199' title='bbox 1135 2807 1181 2840; x_wconf 87' lang='lat' dir='ltr'><strong>ms.</strong></span> 
     </span>
     <span class='ocr_line' id='line_1_23' title="bbox 94 2841 1181 2919; baseline 0.02 -26"><span class='ocrx_word' id='word_1_200' title='bbox 94 2855 191 2895; x_wconf 73' lang='lat' dir='ltr'><strong>utrem</strong></span> <span class='ocrx_word' id='word_1_201' title='bbox 210 2841 303 2907; x_wconf 81' lang='lat' dir='ltr'><strong>verba,</strong></span> <span class='ocrx_word' id='word_1_202' title='bbox 324 2861 354 2894; x_wconf 81' lang='lat' dir='ltr'><strong>ex</strong></span> <span class='ocrx_word' id='word_1_203' title='bbox 370 2841 528 2895; x_wconf 85' lang='lat' dir='ltr'><strong>Gruterienis</strong></span> <span class='ocrx_word' id='word_1_204' title='bbox 546 2842 617 2896; x_wconf 83' lang='lat' dir='ltr'><strong>libris</strong></span> <span class='ocrx_word' id='word_1_205' title='bbox 670 2864 697 2895; x_wconf 85' lang='lat' dir='ltr'><strong>a.</strong></span> <span class='ocrx_word' id='word_1_206' title='bbox 709 2865 846 2919; x_wconf 88' lang='lat' dir='ltr'><strong>rursusque</strong></span> <span class='ocrx_word' id='word_1_207' title='bbox 856 2849 920 2905; x_wconf 78' lang='lat' dir='ltr'><strong>inira</strong></span> <span class='ocrx_word' id='word_1_208' title='bbox 929 2875 1090 2912; x_wconf 82' lang='lat' dir='ltr'><strong>araneorum.</strong></span> <span class='ocrx_word' id='word_1_209' title='bbox 1100 2861 1181 2918; x_wconf 66' lang='lat' dir='ltr'><strong>Schts.</strong></span> 
     </span>
     <span class='ocr_line' id='line_1_24' title="bbox 95 2915 1181 3005; baseline 0.023 -35"><span class='ocrx_word' id='word_1_210' title='bbox 95 2915 261 2990; x_wconf 79' lang='lat' dir='ltr'><strong>iinhkopfios</strong></span> <span class='ocrx_word' id='word_1_211' title='bbox 282 2916 375 2989; x_wconf 83' lang='lat' dir='ltr'><strong>sdjecit</strong></span> <span class='ocrx_word' id='word_1_212' title='bbox 397 2937 457 2988; x_wconf 75' lang='lat' dir='ltr'><strong>quse</strong></span> <span class='ocrx_word' id='word_1_213' title='bbox 475 2919 520 2970; x_wconf 80' lang='lat' dir='ltr'><strong>isac</strong></span> <span class='ocrx_word' id='word_1_214' title='bbox 540 2920 620 2986; x_wconf 84' lang='lat' dir='ltr'><strong>dicit,</strong></span> <span class='ocrx_word' id='word_1_215' title='bbox 650 2973 655 2981; x_wconf 85' lang='grc'><strong><em>,</em></strong></span> <span class='ocrx_word' id='word_1_216' title='bbox 701 2923 725 2975; x_wconf 85' lang='grc'><strong>6.</strong></span> <span class='ocrx_word' id='word_1_217' title='bbox 745 2925 835 2996; x_wconf 83' lang='lat' dir='ltr'><strong>Quam</strong></span> <span class='ocrx_word' id='word_1_218' title='bbox 850 2935 954 2985; x_wconf 89' lang='lat' dir='ltr'><strong>minora</strong></span> <span class='ocrx_word' id='word_1_219' title='bbox 971 2939 1117 3005; x_wconf 81' lang='lat' dir='ltr'><strong>animalia,</strong></span> <span class='ocrx_word' id='word_1_220' title='bbox 1134 2956 1181 2997; x_wconf 83' lang='lat' dir='ltr'><strong>etc.</strong></span> 
     </span>
     <span class='ocr_line' id='line_1_25' title="bbox 98 2989 1178 3087; baseline 0.019 -35"><span class='ocrx_word' id='word_1_221' title='bbox 98 3001 174 3072; x_wconf 79' lang='lat' dir='ltr'><strong>quod</strong></span> <span class='ocrx_word' id='word_1_222' title='bbox 186 3014 212 3052; x_wconf 91' lang='lat' dir='ltr'><strong>et</strong></span> <span class='ocrx_word' id='word_1_223' title='bbox 225 2989 318 3054; x_wconf 71' lang='lat' dir='ltr'><strong>debent</strong></span> <span class='ocrx_word' id='word_1_224' title='bbox 332 3019 355 3052; x_wconf 77' lang='lat' dir='ltr'><strong>e.</strong></span> <span class='ocrx_word' id='word_1_225' title='bbox 371 3002 406 3053; x_wconf 81' lang='lat' dir='ltr'><strong>A.</strong></span> <span class='ocrx_word' id='word_1_226' title='bbox 424 3000 460 3052; x_wconf 75' lang='lat' dir='ltr'><strong>R.</strong></span> <span class='ocrx_word' id='word_1_227' title='bbox 474 3001 519 3052; x_wconf 86' lang='lat' dir='ltr'><strong>sed</strong></span> <span class='ocrx_word' id='word_1_228' title='bbox 529 3000 620 3054; x_wconf 83' lang='lat' dir='ltr'><strong>sectius</strong></span> <span class='ocrx_word' id='word_1_229' title='bbox 668 3001 763 3069; x_wconf 71' lang='lat' dir='ltr'><strong>quates</strong></span> <span class='ocrx_word' id='word_1_230' title='bbox 772 3007 912 3076; x_wconf 70' lang='lat' dir='ltr'><strong>maleborn,</strong></span> <span class='ocrx_word' id='word_1_231' title='bbox 931 3031 964 3064; x_wconf 86' lang='lat' dir='ltr'><strong>sc.</strong></span> <span class='ocrx_word' id='word_1_232' title='bbox 974 3009 1040 3078; x_wconf 66' lang='lat' dir='ltr'><strong>filin</strong></span> <span class='ocrx_word' id='word_1_233' title='bbox 1056 3029 1099 3069; x_wconf 84' lang='lat' dir='ltr'><strong>eut</strong></span> <span class='ocrx_word' id='word_1_234' title='bbox 1111 3039 1178 3087; x_wconf 76' lang='lat' dir='ltr'><strong>qna,</strong></span> 
     </span>
     <span class='ocr_line' id='line_1_26' title="bbox 99 3076 1179 3164; baseline 0.02 -32"><span class='ocrx_word' id='word_1_235' title='bbox 99 3082 184 3132; x_wconf 83' lang='lat' dir='ltr'><strong>dictet</strong></span> <span class='ocrx_word' id='word_1_236' title='bbox 195 3078 269 3150; x_wconf 83' lang='lat' dir='ltr'><strong>dedit</strong></span> <span class='ocrx_word' id='word_1_237' title='bbox 279 3097 325 3131; x_wconf 81' lang='lat' dir='ltr'><strong>ms.</strong></span> <span class='ocrx_word' id='word_1_238' title='bbox 336 3099 363 3130; x_wconf 87' lang='lat' dir='ltr'><strong>a.</strong></span> <span class='ocrx_word' id='word_1_239' title='bbox 375 3076 455 3130; x_wconf 74' lang='lat' dir='ltr'><em>Schw-</em></span> <span class='ocrx_word' id='word_1_240' title='bbox 665 3083 718 3136; x_wconf 77' lang='lat' dir='ltr'><strong>scil.</strong></span> <span class='ocrx_word' id='word_1_241' title='bbox 737 3097 849 3153; x_wconf 79' lang='lat' dir='ltr'><strong>texture,</strong></span> <span class='ocrx_word' id='word_1_242' title='bbox 868 3110 1011 3164; x_wconf 79' lang='lat' dir='ltr'><strong>quenquam</strong></span> <span class='ocrx_word' id='word_1_243' title='bbox 1026 3095 1076 3149; x_wconf 88' lang='lat' dir='ltr'><strong>hoc</strong></span> <span class='ocrx_word' id='word_1_244' title='bbox 1091 3099 1179 3154; x_wconf 76' lang='lat' dir='ltr'><strong>vocab.</strong></span> 
     </span>
     <span class='ocr_line' id='line_1_27' title="bbox 125 3154 1179 3242; baseline 0.025 -35"><span class='ocrx_word' id='word_1_245' title='bbox 125 3155 153 3208; x_wconf 87' lang='lat'><strong>3.</strong></span> <span class='ocrx_word' id='word_1_246' title='bbox 167 3154 308 3224; x_wconf 71' lang='lat' dir='ltr'><strong>Praecepit,</strong></span> <span class='ocrx_word' id='word_1_247' title='bbox 323 3175 376 3208; x_wconf 88' lang='lat' dir='ltr'><strong>non</strong></span> <span class='ocrx_word' id='word_1_248' title='bbox 384 3158 511 3228; x_wconf 74' lang='lat' dir='ltr'><strong>principit,</strong></span> <span class='ocrx_word' id='word_1_249' title='bbox 525 3156 616 3211; x_wconf 81' lang='lat' dir='ltr'><strong>dedere</strong></span> <span class='ocrx_word' id='word_1_250' title='bbox 663 3161 768 3237; x_wconf 80' lang='lat' dir='ltr'><strong>longius</strong></span> <span class='ocrx_word' id='word_1_251' title='bbox 783 3166 860 3220; x_wconf 81' lang='lat' dir='ltr'><strong>abest.</strong></span> <span class='ocrx_word' id='word_1_252' title='bbox 881 3169 931 3224; x_wconf 87' lang='lat' dir='ltr'><strong>Sed</strong></span> <span class='ocrx_word' id='word_1_253' title='bbox 949 3193 1030 3242; x_wconf 77' lang='lat' dir='ltr'><strong>qaam</strong></span> <span class='ocrx_word' id='word_1_254' title='bbox 1044 3187 1130 3232; x_wconf 91' lang='lat' dir='ltr'><strong>tenent</strong></span> <span class='ocrx_word' id='word_1_255' title='bbox 1141 3180 1179 3233; x_wconf 86' lang='lat' dir='ltr'><strong>li-</strong></span> 
     </span>
     <span class='ocr_line' id='line_1_28' title="bbox 94 3232 1179 3325; baseline 0.024 -41"><span class='ocrx_word' id='word_1_256' title='bbox 94 3243 156 3288; x_wconf 80' lang='lat' dir='ltr'><strong>rett.</strong></span> <span class='ocrx_word' id='word_1_257' title='bbox 172 3232 232 3286; x_wconf 83' lang='lat' dir='ltr'><strong>libri</strong></span> <span class='ocrx_word' id='word_1_258' title='bbox 244 3253 341 3286; x_wconf 79' lang='lat' dir='ltr'><strong>omncs·</strong></span> <span class='ocrx_word' id='word_1_259' title='bbox 352 3233 433 3288; x_wconf 71' lang='lat' dir='ltr'><strong>Scin.</strong></span> <span class='ocrx_word' id='word_1_260' title='bbox 663 3240 719 3309; x_wconf 80' lang='lat' dir='ltr'><strong>bri,</strong></span> <span class='ocrx_word' id='word_1_261' title='bbox 732 3245 800 3314; x_wconf 88' lang='lat' dir='ltr'><strong>quod</strong></span> <span class='ocrx_word' id='word_1_262' title='bbox 811 3246 878 3301; x_wconf 89' lang='lat' dir='ltr'><strong>idern</strong></span> <span class='ocrx_word' id='word_1_263' title='bbox 888 3251 982 3303; x_wconf 77' lang='lat' dir='ltr'><strong>valebit</strong></span> <span class='ocrx_word' id='word_1_264' title='bbox 992 3271 1020 3303; x_wconf 80' lang='lat' dir='ltr'><strong>ac</strong></span> <span class='ocrx_word' id='word_1_265' title='bbox 1030 3275 1081 3324; x_wconf 81' lang='lat' dir='ltr'><strong>quo</strong></span> <span class='ocrx_word' id='word_1_266' title='bbox 1089 3261 1179 3325; x_wconf 84' lang='lat' dir='ltr'><strong>modo,·</strong></span> 
     </span>
     <span class='ocr_line' id='line_1_29' title="bbox 125 3313 1191 3398; baseline 0.022 -33"><span class='ocrx_word' id='word_1_267' title='bbox 125 3317 152 3381; x_wconf 72' lang='grc'><strong>4.</strong></span> <span class='ocrx_word' id='word_1_268' title='bbox 165 3313 280 3369; x_wconf 74' lang='grc' dir='ltr'><em>Βίνίᾰαί</em></span> <span class='ocrx_word' id='word_1_269' title='bbox 287 3316 395 3368; x_wconf 77' lang='lat' dir='ltr'><strong>laboris.</strong></span> <span class='ocrx_word' id='word_1_270' title='bbox 404 3315 466 3369; x_wconf 78' lang='lat' dir='ltr'><strong>Noti</strong></span> <span class='ocrx_word' id='word_1_271' title='bbox 475 3315 525 3371; x_wconf 80' lang='lat' dir='ltr'><strong>hoc</strong></span> <span class='ocrx_word' id='word_1_272' title='bbox 533 3318 567 3371; x_wconf 82' lang='lat' dir='ltr'><strong>ite</strong></span> <span class='ocrx_word' id='word_1_273' title='bbox 577 3317 615 3371; x_wconf 91' lang='lat' dir='ltr'><strong>in-</strong></span> <span class='ocrx_word' id='word_1_274' title='bbox 664 3341 722 3372; x_wconf 89' lang='lat' dir='ltr'><strong>com</strong></span> <span class='ocrx_word' id='word_1_275' title='bbox 735 3343 787 3392; x_wconf 91' lang='lat' dir='ltr'><strong>quo</strong></span> <span class='ocrx_word' id='word_1_276' title='bbox 798 3327 918 3398; x_wconf 77' lang='lat' dir='ltr'><strong>congruit</strong></span> <span class='ocrx_word' id='word_1_277' title='bbox 927 3329 997 3398; x_wconf 86' lang='lat' dir='ltr'><strong>quod</strong></span> <span class='ocrx_word' id='word_1_278' title='bbox 1011 3329 1101 3385; x_wconf 90' lang='lat' dir='ltr'><strong>deinde</strong></span> <span class='ocrx_word' id='word_1_279' title='bbox 1111 3339 1191 3388; x_wconf 86' lang='lat' dir='ltr'><strong>scri-.</strong></span> 
     </span>
     <span class='ocr_line' id='line_1_30' title="bbox 91 3391 1177 3482; baseline 0.021 -39"><span class='ocrx_word' id='word_1_280' title='bbox 91 3391 225 3464; x_wconf 74' lang='lat' dir='ltr'><strong>telligere,</strong></span> <span class='ocrx_word' id='word_1_281' title='bbox 237 3391 425 3463; x_wconf 79' lang='lat' dir='ltr'><strong>quasiquaeqne</strong></span> <span class='ocrx_word' id='word_1_282' title='bbox 437 3413 526 3446; x_wconf 78' lang='lat' dir='ltr'><strong>menas</strong></span> <span class='ocrx_word' id='word_1_283' title='bbox 538 3415 614 3467; x_wconf 80' lang='lat' dir='ltr'><strong>apum</strong></span> <span class='ocrx_word' id='word_1_284' title='bbox 662 3397 892 3468; x_wconf 64' lang='lat' dir='ltr'><strong>bituminatur,</strong></span> <span class='ocrx_word' id='word_1_285' title='bbox 912 3406 955 3459; x_wconf 90' lang='lat' dir='ltr'><strong>ubi</strong></span> <span class='ocrx_word' id='word_1_286' title='bbox 974 3409 1053 3482; x_wconf 78' lang='lat' dir='ltr'><strong>volgo</strong></span> <span class='ocrx_word' id='word_1_287' title='bbox 1070 3433 1177 3481; x_wconf 58' lang='lat' dir='ltr'><strong>quam,</strong></span> 
     </span>
     <span class='ocr_line' id='line_1_31' title="bbox 92 3472 1177 3558; baseline 0.02 -35"><span class='ocrx_word' id='word_1_288' title='bbox 92 3486 210 3544; x_wconf 75' lang='lat' dir='ltr'><strong>separato</strong></span> <span class='ocrx_word' id='word_1_289' title='bbox 225 3472 296 3545; x_wconf 87' lang='lat' dir='ltr'><strong>operi</strong></span> <span class='ocrx_word' id='word_1_290' title='bbox 310 3493 329 3524; x_wconf 88' lang='lat' dir='ltr'><strong>s.</strong></span> <span class='ocrx_word' id='word_1_291' title='bbox 345 3475 446 3525; x_wconf 87' lang='lat' dir='ltr'><strong>moneri</strong></span> <span class='ocrx_word' id='word_1_292' title='bbox 459 3474 614 3527; x_wconf 83' lang='lat' dir='ltr'><strong>destinetur:</strong></span> <span class='ocrx_word' id='word_1_293' title='bbox 662 3487 779 3544; x_wconf 80' lang='lat' dir='ltr'><strong>teneant,</strong></span> <span class='ocrx_word' id='word_1_294' title='bbox 797 3484 930 3536; x_wconf 87' lang='lat' dir='ltr'><strong>commode</strong></span> <span class='ocrx_word' id='word_1_295' title='bbox 951 3487 1068 3558; x_wconf 83' lang='lat' dir='ltr'><strong>quidem,</strong></span> <span class='ocrx_word' id='word_1_296' title='bbox 1086 3492 1130 3543; x_wconf 83' lang='lat' dir='ltr'><strong>sed</strong></span> <span class='ocrx_word' id='word_1_297' title='bbox 1148 3513 1177 3545; x_wconf 85' lang='lat' dir='ltr'><strong>ex</strong></span> 
     </span>
     <span class='ocr_line' id='line_1_32' title="bbox 92 3550 978 3632; baseline 0.018 -30"><span class='ocrx_word' id='word_1_298' title='bbox 92 3551 137 3603; x_wconf 83' lang='lat' dir='ltr'><strong>sed</strong></span> <span class='ocrx_word' id='word_1_299' title='bbox 156 3551 188 3603; x_wconf 87' lang='lat' dir='ltr'><strong>de</strong></span> <span class='ocrx_word' id='word_1_300' title='bbox 205 3550 295 3603; x_wconf 76' lang='lat' dir='ltr'><strong>labore</strong></span> <span class='ocrx_word' id='word_1_301' title='bbox 317 3551 436 3605; x_wconf 87' lang='lat' dir='ltr'><strong>omnibus</strong></span> <span class='ocrx_word' id='word_1_302' title='bbox 454 3555 614 3627; x_wconf 74' lang='lat' dir='ltr'><strong>operantibus</strong></span> <span class='ocrx_word' id='word_1_303' title='bbox 662 3555 761 3610; x_wconf 82' lang='lat' dir='ltr'><strong>Erssmi</strong></span> <span class='ocrx_word' id='word_1_304' title='bbox 773 3558 886 3632; x_wconf 76' lang='lat' dir='ltr'><strong>ingenio.</strong></span> <span class='ocrx_word' id='word_1_305' title='bbox 898 3563 978 3618; x_wconf 70' lang='lat' dir='ltr'><strong>Schts.</strong></span> 
     </span>
     <span class='ocr_line' id='line_1_33' title="bbox 93 3628 1176 3727; baseline 0.021 -46"><span class='ocrx_word' id='word_1_306' title='bbox 93 3629 284 3702; x_wconf 83' lang='lat' dir='ltr'><strong>impositoeteo</strong></span> <span class='ocrx_word' id='word_1_307' title='bbox 296 3628 405 3699; x_wconf 88' lang='lat' dir='ltr'><strong>diverso,</strong></span> <span class='ocrx_word' id='word_1_308' title='bbox 416 3645 527 3704; x_wconf 87' lang='lat' dir='ltr'><strong>ternpore</strong></span> <span class='ocrx_word' id='word_1_309' title='bbox 536 3634 613 3688; x_wconf 82' lang='lat' dir='ltr'><strong>etiarn</strong></span> <span class='ocrx_word' id='word_1_310' title='bbox 697 3655 719 3704; x_wconf 81' lang='lat'><strong>7.</strong></span> <span class='ocrx_word' id='word_1_311' title='bbox 728 3637 789 3690; x_wconf 89' lang='lat' dir='ltr'><strong>Par</strong></span> <span class='ocrx_word' id='word_1_312' title='bbox 802 3643 829 3690; x_wconf 91' lang='lat' dir='ltr'><strong>in</strong></span> <span class='ocrx_word' id='word_1_313' title='bbox 833 3641 919 3710; x_wconf 79' lang='lat' dir='ltr'><strong>savis.</strong></span> <span class='ocrx_word' id='word_1_314' title='bbox 936 3642 980 3696; x_wconf 87' lang='lat' dir='ltr'><strong>Sic</strong></span> <span class='ocrx_word' id='word_1_315' title='bbox 995 3659 1061 3699; x_wconf 89' lang='lat' dir='ltr'><strong>recte</strong></span> <span class='ocrx_word' id='word_1_316' title='bbox 1075 3661 1100 3701; x_wconf 93' lang='lat' dir='ltr'><strong>et</strong></span> <span class='ocrx_word' id='word_1_317' title='bbox 1113 3671 1176 3727; x_wconf 86' lang='lat' dir='ltr'><strong>per-</strong></span> 
     </span>
     <span class='ocr_line' id='line_1_34' title="bbox 93 3708 1173 3783; baseline 0.019 -24"><span class='ocrx_word' id='word_1_318' title='bbox 93 3708 195 3761; x_wconf 85' lang='lat' dir='ltr'><strong>diverso</strong></span> <span class='ocrx_word' id='word_1_319' title='bbox 209 3708 302 3780; x_wconf 75' lang='lat' dir='ltr'><strong>capias.</strong></span> <span class='ocrx_word' id='word_1_320' title='bbox 314 3709 430 3761; x_wconf 85' lang='lat' dir='ltr'><strong>Primum</strong></span> <span class='ocrx_word' id='word_1_321' title='bbox 444 3710 614 3766; x_wconf 87' lang='lat' dir='ltr'><strong>enimomnes</strong></span> <span class='ocrx_word' id='word_1_322' title='bbox 664 3715 797 3768; x_wconf 83' lang='lat' dir='ltr'><strong>commode</strong></span> <span class='ocrx_word' id='word_1_323' title='bbox 811 3717 867 3772; x_wconf 92' lang='lat' dir='ltr'><strong>edd.</strong></span> <span class='ocrx_word' id='word_1_324' title='bbox 883 3733 939 3773; x_wconf 77' lang='lat' dir='ltr'><strong>ente</strong></span> <span class='ocrx_word' id='word_1_325' title='bbox 951 3721 1035 3778; x_wconf 80' lang='lat' dir='ltr'><strong>Ruht.</strong></span> <span class='ocrx_word' id='word_1_326' title='bbox 1049 3746 1106 3779; x_wconf 89' lang='lat' dir='ltr'><strong>cum</strong></span> <span class='ocrx_word' id='word_1_327' title='bbox 1117 3749 1142 3780; x_wconf 92' lang='lat' dir='ltr'><strong>a.</strong></span> <span class='ocrx_word' id='word_1_328' title='bbox 1153 3750 1173 3783; x_wconf 87' lang='lat' dir='ltr'><strong>c.</strong></span> 
     </span>
     <span class='ocr_line' id='line_1_35' title="bbox 92 3785 1174 3870; baseline 0.019 -33"><span class='ocrx_word' id='word_1_329' title='bbox 92 3799 228 3859; x_wconf 84' lang='lat' dir='ltr'><strong>operentes</strong></span> <span class='ocrx_word' id='word_1_330' title='bbox 239 3805 297 3859; x_wconf 82' lang='lat' dir='ltr'><strong>spes</strong></span> <span class='ocrx_word' id='word_1_331' title='bbox 310 3785 388 3839; x_wconf 86' lang='lat' dir='ltr'><strong>simul</strong></span> <span class='ocrx_word' id='word_1_332' title='bbox 399 3788 499 3840; x_wconf 79' lang='lat' dir='ltr'><strong>alveum</strong></span> <span class='ocrx_word' id='word_1_333' title='bbox 515 3790 612 3862; x_wconf 83' lang='lat' dir='ltr'><strong>propoli</strong></span> <span class='ocrx_word' id='word_1_334' title='bbox 661 3791 697 3845; x_wconf 83' lang='lat' dir='ltr'><strong>Ii·</strong></span> <span class='ocrx_word' id='word_1_335' title='bbox 708 3792 744 3844; x_wconf 80' lang='lat' dir='ltr'><strong>A.</strong></span> <span class='ocrx_word' id='word_1_336' title='bbox 757 3806 781 3845; x_wconf 89' lang='lat' dir='ltr'><strong>et</strong></span> <span class='ocrx_word' id='word_1_337' title='bbox 793 3793 847 3848; x_wconf 74' lang='lat' dir='ltr'><strong>Pal.</strong></span> <span class='ocrx_word' id='word_1_338' title='bbox 862 3818 889 3860; x_wconf 84' lang='lat' dir='ltr'><strong>s,</strong></span> <span class='ocrx_word' id='word_1_339' title='bbox 906 3797 929 3849; x_wconf 85' lang='lat'><strong>3.</strong></span> <span class='ocrx_word' id='word_1_340' title='bbox 943 3799 1048 3870; x_wconf 70' lang='lat' dir='ltr'><strong>Infidis</strong></span> <span class='ocrx_word' id='word_1_341' title='bbox 1058 3805 1174 3857; x_wconf 79' lang='lat' dir='ltr'><strong>extribus</strong></span> 
     </span>
     <span class='ocr_line' id='line_1_36' title="bbox 92 3862 1174 3952; baseline 0.018 -36"><span class='ocrx_word' id='word_1_342' title='bbox 92 3862 296 3927; x_wconf 61' lang='lat' dir='ltr'><strong>encomiinnnt,</strong></span> <span class='ocrx_word' id='word_1_343' title='bbox 325 3876 379 3917; x_wconf 89' lang='lat' dir='ltr'><strong>tom</strong></span> <span class='ocrx_word' id='word_1_344' title='bbox 403 3869 473 3919; x_wconf 79' lang='lat' dir='ltr'><strong>favos</strong></span> <span class='ocrx_word' id='word_1_345' title='bbox 497 3867 612 3936; x_wconf 79' lang='lat' dir='ltr'><strong>iaciunt,</strong></span> <span class='ocrx_word' id='word_1_346' title='bbox 662 3868 718 3921; x_wconf 83' lang='lat' dir='ltr'><strong>eliis</strong></span> <span class='ocrx_word' id='word_1_347' title='bbox 732 3871 890 3924; x_wconf 81' lang='lat' dir='ltr'><strong>Gruterienis</strong></span> <span class='ocrx_word' id='word_1_348' title='bbox 906 3877 997 3948; x_wconf 88' lang='lat' dir='ltr'><strong>recepit</strong></span> <span class='ocrx_word' id='word_1_349' title='bbox 1008 3879 1093 3933; x_wconf 70' lang='lat' dir='ltr'><strong>liuhi.</strong></span> <span class='ocrx_word' id='word_1_350' title='bbox 1104 3885 1174 3952; x_wconf 91' lang='lat' dir='ltr'><strong>quod</strong></span> 
     </span>
     <span class='ocr_line' id='line_1_37' title="bbox 91 3941 1174 4025; baseline 0.021 -32"><span class='ocrx_word' id='word_1_351' title='bbox 91 3954 119 3993; x_wconf 89' lang='lat' dir='ltr'><strong>ut</strong></span> <span class='ocrx_word' id='word_1_352' title='bbox 139 3942 214 3996; x_wconf 65' lang='lat' dir='ltr'><strong>cette</strong></span> <span class='ocrx_word' id='word_1_353' title='bbox 232 3941 312 4007; x_wconf 80' lang='lat' dir='ltr'><strong>fient,</strong></span> <span class='ocrx_word' id='word_1_354' title='bbox 336 3957 384 3996; x_wconf 89' lang='lat' dir='ltr'><strong>ete.</strong></span> <span class='ocrx_word' id='word_1_355' title='bbox 398 3944 511 4011; x_wconf 82' lang='lat' dir='ltr'><strong>Moneo,</strong></span> <span class='ocrx_word' id='word_1_356' title='bbox 530 3967 563 3999; x_wconf 94' lang='lat' dir='ltr'><strong>ne</strong></span> <span class='ocrx_word' id='word_1_357' title='bbox 583 3947 611 4000; x_wconf 90' lang='lat' dir='ltr'><strong>in</strong></span> <span class='ocrx_word' id='word_1_358' title='bbox 662 3967 738 4001; x_wconf 89' lang='lat' dir='ltr'><strong>nemo</strong></span> <span class='ocrx_word' id='word_1_359' title='bbox 756 3950 829 4004; x_wconf 70' lang='lat' dir='ltr'><strong>tacite</strong></span> <span class='ocrx_word' id='word_1_360' title='bbox 846 3953 995 4025; x_wconf 76' lang='lat' dir='ltr'><strong>probaverit.</strong></span> <span class='ocrx_word' id='word_1_361' title='bbox 1009 3958 1174 4014; x_wconf 61' lang='lat' dir='ltr'><strong>Scin—At</strong></span> 
     </span>
     <span class='ocr_line' id='line_1_38' title="bbox 91 4021 1171 4112; baseline 0.019 -39"><span class='ocrx_word' id='word_1_362' title='bbox 91 4021 214 4074; x_wconf 84' lang='lat' dir='ltr'><strong>eumdem</strong></span> <span class='ocrx_word' id='word_1_363' title='bbox 228 4040 339 4074; x_wconf 85' lang='lat' dir='ltr'><strong>errorem</strong></span> <span class='ocrx_word' id='word_1_364' title='bbox 355 4021 466 4088; x_wconf 85' lang='lat' dir='ltr'><strong>incidas,</strong></span> <span class='ocrx_word' id='word_1_365' title='bbox 479 4043 555 4094; x_wconf 84' lang='lat' dir='ltr'><strong>quem</strong></span> <span class='ocrx_word' id='word_1_366' title='bbox 567 4044 611 4077; x_wconf 86' lang='lat' dir='ltr'><strong>er·</strong></span> <span class='ocrx_word' id='word_1_367' title='bbox 661 4038 747 4079; x_wconf 81' lang='lat' dir='ltr'><strong>contra</strong></span> <span class='ocrx_word' id='word_1_368' title='bbox 756 4027 1010 4102; x_wconf 76' lang='lat' dir='ltr'><strong>Rohkopiius:ssciie</strong></span> <span class='ocrx_word' id='word_1_369' title='bbox 1019 4051 1067 4100; x_wconf 87' lang='lat' dir='ltr'><strong>est,</strong></span> <span class='ocrx_word' id='word_1_370' title='bbox 1078 4039 1171 4112; x_wconf 83' lang='lat' dir='ltr'><strong>inquit,</strong></span> 
     </span>
     <span class='ocr_line' id='line_1_39' title="bbox 90 4098 1173 4184; baseline 0.021 -34"><span class='ocrx_word' id='word_1_371' title='bbox 90 4117 157 4150; x_wconf 78' lang='lat' dir='ltr'><strong>resse</strong></span> <span class='ocrx_word' id='word_1_372' title='bbox 180 4098 325 4152; x_wconf 75' lang='lat' dir='ltr'><strong>Bosforum</strong></span> <span class='ocrx_word' id='word_1_373' title='bbox 348 4101 435 4154; x_wconf 86' lang='lat' dir='ltr'><strong>doeuit</strong></span> <span class='ocrx_word' id='word_1_374' title='bbox 457 4102 610 4156; x_wconf 83' lang='lat' dir='ltr'><strong>Reimsros:</strong></span> <span class='ocrx_word' id='word_1_375' title='bbox 659 4103 691 4156; x_wconf 79' lang='lat' dir='ltr'><strong>ed</strong></span> <span class='ocrx_word' id='word_1_376' title='bbox 707 4104 903 4180; x_wconf 77' lang='lat' dir='ltr'><strong>intelligendum</strong></span> <span class='ocrx_word' id='word_1_377' title='bbox 924 4114 1103 4184; x_wconf 70' lang='lat' dir='ltr'><strong>preferendum</strong></span> <span class='ocrx_word' id='word_1_378' title='bbox 1120 4139 1173 4174; x_wconf 87' lang='lat' dir='ltr'><strong>esse</strong></span> 
     </span>
     <span class='ocr_line' id='line_1_40' title="bbox 94 4177 1170 4256; baseline 0.019 -27"><span class='ocrx_word' id='word_1_379' title='bbox 94 4177 267 4231; x_wconf 79' lang='lat' dir='ltr'><strong>Vomedmste</strong></span> <span class='ocrx_word' id='word_1_380' title='bbox 280 4177 454 4232; x_wconf 76' lang='lat' dir='ltr'><strong>Watrtetten</strong></span> <span class='ocrx_word' id='word_1_381' title='bbox 465 4182 610 4234; x_wconf 83' lang='lat' dir='ltr'><strong>dernatnr·</strong></span> <span class='ocrx_word' id='word_1_382' title='bbox 660 4181 811 4252; x_wconf 78' lang='lat' dir='ltr'><strong>lectionem,</strong></span> <span class='ocrx_word' id='word_1_383' title='bbox 828 4207 905 4256; x_wconf 78' lang='lat' dir='ltr'><strong>quem</strong></span> <span class='ocrx_word' id='word_1_384' title='bbox 924 4189 1082 4248; x_wconf 85' lang='lat' dir='ltr'><strong>restituimus.</strong></span> <span class='ocrx_word' id='word_1_385' title='bbox 1102 4196 1170 4250; x_wconf 80' lang='lat' dir='ltr'><strong>Nem</strong></span> 
     </span>
    </p>
   </div>
   <div class='ocr_carea' id='block_1_6' title="bbox 0 0 1480 4934">
    <p class='ocr_par' dir='ltr' id='par_1_6' title="bbox 0 0 1480 4934">
     <span class='ocr_line' id='line_1_41' title="bbox 0 0 1480 4934; baseline 0 3"><span class='ocrx_word' id='word_1_386' title='bbox 0 0 1480 4934; x_wconf 95' lang='lat' dir='ltr'><strong> </strong></span> 
     </span>
    </p>
   </div>
  </div>
 </body>
</html>
