2950 4934
420 481 695 554 amsrous
719 483 802 552 xc.
1107 513 1151 583 ²7

75 617 201 708 posuit,
219 615 264 684 ad
281 614 550 684 similitudinem
568 613 739 694 dentium,
764 636 910 705 quorum
929 639 1009 709 pars
1025 617 1169 685 immo-.

75 736 150 804 bilis
169 750 294 804 motum
313 733 463 803 alterius
480 747 670 826 exspectan
690 730 818 816 deinde
834 734 1015 826 utriusque
1033 737 1152 805 attritu

77 877 179 946 grana
201 853 429 947 bengnntur,
452 867 487 920 et
504 851 626 944 sapius
647 865 874 944 regeruntur,
893 850 1004 923 donee
1018 849 1064 920 ad
1081 854 1153 920 mi-

76 974 202 1040 nutiam
220 973 426 1064 frequenter
449 971 528 1038 trita
547 967 759 1062 redigentur.
781 970 883 1038 Tunc
900 971 1043 1045 farinam
1062 996 1153 1064 aqua

75 1088 217 1180 sparsit,
238 1103 274 1156 et
291 1085 430 1158 assidua
450 1087 648 1156 tractatione
664 1086 880 1179 perdomuit,
901 1087 1070 1181 finxitque
1084 1111 1154 1181 pa-

76 1225 172 1287 nem3
190 1225 295 1294 quem
308 1203 421 1295 primo
436 1201 523 1270 cinis
537 1199 667 1274 calidus
681 1215 716 1268 ct
730 1200 865 1270 ferrens
878 1216 962 1270 testa
978 1203 1150 1295 percoxit:

76 1317 199 1387 deinde
218 1319 315 1390 furni
342 1316 505 1411 paulatim
529 1317 677 1410 reperti,
697 1333 732 1384 et
750 1317 818 1386 alia
837 1341 987 1412 genera,
1008 1340 1154 1410 quorum

77 1435 189 1504 servor
207 1437 355 1506 serviret
375 1433 532 1506 arbitrie.
545 1460 561 1497 u
576 1437 710 1504 .-Non
733 1433 878 1504 multum
901 1435 1043 1516 abfuit¹‚
1067 1435 1155 1527 quin
1180 1443 1211 1508 el

77 1553 247 1624 sutrinum
265 1575 405 1645 quoque
424 1553 597 1620 inventum
614 1575 635 1619 a
654 1550 865 1644 sapientibus
882 1549 1025 1620 diceret.

122 1669 252 1740 Omnia
273 1671 339 1738 ista
361 1669 448 1736 ratio
472 1665 633 1760 quidem,
655 1663 716 1734 sed
732 1689 802 1734 non
818 1681 910 1734 reots
931 1669 1040 1750 ratio,
1059 1691 1156 1734 com·

79 1803 186 1854 menta
205 1801 271 1855 est.
290 1785 445 1856 Hominis
463 1786 575 1868 enim,
597 1807 668 1852 non
687 1781 877 1876 Sapientia,
898 1785 1039 1855 inventa
1053 1800 1153 1865 suut;

79 1919 143 1968 tam
156 1902 397 1982 mehercules,
416 1925 518 1994 quam
534 1899 690 1993 navigia,
712 1898 840 1991 quibus
855 1923 993 1982 amnes,
1012 1900 1158 1992 quibus·-

78 2039 142 2106 que
165 2017 277 2084 maria
294 2017 529 2098 transivimus,
556 2014 678 2107 aptatis
703 2012 749 2080 ad
775 2013 1013 2106 excipiendum
1034 2029 1156 2083 rento-⁴

78 2157 150 2200 rum
167 2134 336 2226 impetum
350 2133 435 2204 velis
445 2184 455 2214 ‚
467 2148 507 2204 ,et
518 2131 675 2204 additiss
686 2146 785 2224 tergo
800 2130 1061 2222 gubernaculis,
1079 2157 1156 2225 quae

79 2247 144 2316 buc
162 2265 270 2342 atque
287 2249 371 2318 illuc
389 2273 524 2324 cursum
543 2249 672 2341 navigii
690 2265 873 2341 torqueant
896 2275 905 2315 ι
925 2251 1119 2342 exemplum
1136 2273 1158 2317 a

79 2366 231 2457 piscibus
247 2381 390 2433 tractum
408 2381 478 2446 est,
499 2366 558 2456 qui
574 2365 682 2432 cauda
697 2381 879 2457 reguntur,
900 2381 935 2432 et
948 2366 1014 2434 lori
1030 2367 1104 2460 ejus
1118 2368 1155 2434 iu

79 2499 263 2576 utrumque
275 2497 446 2564 momento
457 2479 669 2550 velocitatem
684 2505 778 2563 suern
792 2481 969 2551 flectunt².
989 2484 1154 2568 «Omnia,
1183 2494 1213 2542 2⁵

78 2597 212 2691 inquit,
235 2595 312 2665 baec
329 2597 473 2690 Sapiens
484 2595 623 2688 quidem
637 2597 791 2682 iuvenit3
810 2597 870 2664 sed
885 2599 1016 2666 minore
1026 2648 1037 2683 ,
1055 2623 1156 2691 quam

79 2731 115 2782 ut
137 2716 214 2808 ipse
241 2726 424 2794 tractaret,
455 2708 704 2779 sordidioribus
730 2705 894 2780 ministris
918 2708 1060 2782 dedit.»
1085 2716 1156 2783 Imo

80 2856 146 2900 non
160 2831 206 2900 ab
221 2825 321 2899 aliis³
338 2830 524 2924 excogitata
539 2830 718 2910 istasunt,
735 2851 875 2920 quemn
892 2828 1018 2920 quibus
1034 2827 1157 2898 bodie-

79 2970 144 3038 qne
158 2960 336 3014 curantur.
354 2941 521 3038 Quaedam
534 2959 650 3012 nostra
664 2941 799 3011 demum
814 2941 982 3036 prodiisse
996 2945 1157 3013 memoris

79 3063 203 3130 scimus
230 3087 238 3126 :
261 3075 301 3128 nt
318 3058 588 3152 speculariorum
608 3053 744 3136 usuml,
763 3056 963 3152 perlucente
982 3074 1068 3128 teets
1083 3059 1156 3127 cla-

80 3308 189 3382 znigm
197 3305 328 3379 Symposii
340 3304 374 3356 bl
385 3302 415 3356 in
423 3303 591 3358 Wernsdnrl.
675 3299 698 3352 3.
712 3304 771 3355 Non
783 3303 820 3354 nb
831 3303 918 3354 alri's...
930 3321 1013 3372 qnam
1021 3323 1040 3354 o
1050 3302 1154 3372 quibus.

81 3385 148 3440 Post
159 3386 215 3437 hs.
226 3381 350 3447 stimvt,
363 3403 386 3434 s.
396 3401 420 3452 p.
430 3385 487 3450 ⁵²7·
497 3381 592 3449 Depo·
640 3382 707 3436 Dua
721 3381 924 3455 prepositiones,
935 3383 973 3433 ab
988 3394 1016 3432 et
1029 3403 1048 3434 a
1063 3381 1157 3435 duent

80 3467 165 3535 efficio
180 3463 351 3517 eruditissime
370 3461 422 3536 egit
435 3461 551 3532 Heynins
564 3461 591 3514 in
641 3462 769 3516 veteribus
778 3461 849 3514 libris
860 3461 986 3515 omnibus
996 3461 1079 3515 Sata.

82 3547 172 3616 Opust.
182 3545 264 3600 aad.
275 3543 335 3596 vot.
347 3541 461 3615 1423oe
471 3561 520 3611 etp,
533 3560 592 3595 noe·
673 3540 696 3604 4
708 3538 922 3606 Speculatorem
930 3559 1017 3592 usum,
1028 3538 1156 3613 Speculu-

81 3623 237 3678 trilneinon
246 3619 491 3674 irmnemonllnblr.
640 3616 1155 3688 rimqnadreeivenrbesleeestrisinserti,

115 3723 136 3756 ι.
150 3703 213 3756 Nm
228 3704 345 3754 multum
363 3697 592 3770 adsuit-...diceret
644 3695 767 3750 edlncem
778 3695 1008 3759 intermitterem,
1019 3708 1156 3748 ventose:-

84 3782 148 3834 saris
156 3781 238 3834 tacete
255 3779 295 3832 bis
310 3777 397 3830 verbis
413 3797 458 3850 pro
476 3778 593 3832 lemmate
642 3774 783 3828 eludendos
796 3776 895 3830 :ricem
907 3791 1015 3829 etnsum
1024 3775 1156 3829 hodieri-

86 3879 140 3910 nsns
159 3872 194 3913 est
213 3858 303 3912 Petrus
323 3857 463 3929 Camperns
481 3856 510 3908 in
527 3857 593 3912 libro
643 3869 763 3909 trsornm.
782 3856 857 3910 Dicta
876 3876 891 3909 a
913 3857 998 3929 lepide
1016 3857 1156 3930 speculari:

86 3937 287 4004 abbatissimo,
297 3937 525 3990 surlames'lleurr
532 3935 594 4006 sor-
643 3935 687 3988 cni
698 3935 749 3989 boc
764 3954 859 3988 nomen
875 3947 993 3988 anatur·
1009 3935 1155 3988 tralucente.

86 4013 503 4082 medreSouliers.1781.Rnlrlr.
645 4013 741 4066 Creber
761 4015 826 4067 olim
846 4015 875 4067 in
894 4015 1034 4089 Hispania,
1054 4013 1155 4088 Cypro,

116 4116 138 4146 ι.
148 4091 593 4161 Velocitatemeuamflectunellide
645 4091 822 4166 Cappadocis,
837 4092 943 4156 Aleion
960 4111 1030 4147 nunc
1042 4093 1107 4144 sitne
1127 4092 1155 4144 in

86 4171 180 4243 Buffitn
196 4173 274 4228 serbo
295 4191 379 4244 tygres
399 4171 594 4244 pulcherrimam
644 4174 751 4239 notitia,
768 4173 867 4239 neseio,
880 4173 961 4226 visin
970 4195 1032 4241 usu,
1051 4185 1076 4225 et
1092 4172 1155 4225 olim

86 4247 215 4320 luimus
224 4273 285 4306 cerm
295 4250 593 4322 nerecompsretionem.
644 4252 772 4322 frequenti
788 4271 795 4306 ς
813 4271 894 4322 neque
914 4251 983 4304 enim
1003 4250 1156 4305 cenationes
