2950 4934
335 393 403 479 410
598 391 664 488 u.
691 345 1112 462 tramissurum

335 549 356 591 a
380 522 479 592 nobis
504 524 649 590 amicum
676 523 793 592 abesse
819 523 1007 617 patiamur,
1028 524 1066 591 in
1087 525 1237 596 animum
1260 525 1403 610 subinde

334 657 488 709 nostrum
504 653 718 708 revertentur
741 641 854 710 futura
872 641 973 712 nobis
989 655 1124 735 promtu
1135 691 1147 728 ,
1163 643 1235 736 jam
1255 659 1295 710 ut
1316 667 1404 736 prae-

334 756 436 823 terita
452 770 645 849 repetamus
663 783 672 824 ς
691 757 742 826 sie
757 758 816 827 itte
829 781 967 843 manus,
983 759 1033 827 sie
1047 782 1107 827 ora
1119 759 1250 828 ferebat
1268 785 1276 826 :
1295 761 1404 852 imago

333 873 519 966 effingemr
532 874 646 942 animo
663 874 825 944 notabilis
841 891 876 944 et
890 899 911 944 e
924 876 1005 944 rivo
1030 875 1154 968 petite,
1174 900 1242 944 non
1262 875 1404 945 evanida

333 1006 370 1061 et
384 1007 488 1059 muta.
507 992 565 1060 Sie
584 991 644 1060 itte
658 1011 795 1078 manus,
819 993 868 1062 sie
885 1017 945 1062 ure
962 991 1092 1062 ferebat
1109 1019 1116 1063 :
1132 993 1332 1085 adjiciamus
1349 993 1406 1061 illa
1472 995 1473 1000 ’

187 1143 210 1176 u
226 1139 265 1194 ‘5¹
285 1124 308 1177 τι
335 1131 412 1201 quae
428 1109 538 1202 magis
552 1107 596 1176 ad
611 1132 683 1177 rem
699 1109 873 1202 pertinent
892 1135 900 1176 ι
917 1109 967 1178 sie
991 1108 1205 1200 loquebatur,
1230 1109 1283 1177 sie
1300 1108 1367 1177 bor
1379 1113 1393 1196 ΙΙ

334 1225 480 1307 tabatur,
499 1226 549 1294 sic
563 1223 775 1310 deterrebat,
794 1226 843 1294 sie
860 1241 933 1296 erat
951 1227 988 1294 in
1006 1224 1119 1295 dando
1138 1226 1282 1296 consilio
1303 1249 1406 1318 expe-
1472 1241 1473 1256 ¹

334 1339 446 1426 ditus,
465 1341 502 1408 in
521 1340 721 1434 accipiendo
735 1356 894 1434 paratus,
913 1342 951 1409 in
966 1342 1126 1411 mutando
1143 1365 1212 1412 non
1225 1343 1403 1437 pertinax:

335 1459 385 1525 sie
402 1455 531 1524 solebat
548 1456 714 1527 beneficia
732 1457 921 1526 liberaliter
938 1458 1038 1544 dare,
1055 1460 1225 1552 patienter
1237 1457 1403 1553 perdere,

335 1576 385 1642 sie
399 1571 604 1668 properabat
614 1573 810 1667 benignitas
827 1575 921 1666 ejus,
941 1575 992 1642 sie
1012 1575 1233 1661 irascebatur,
1254 1599 1295 1644 eo
1310 1575 1406 1642 vadtu
1472 1635 1473 1642 ,

334 1686 378 1755 ab
388 1689 500 1788 amieo
513 1685 725 1768 rineebatur,
743 1710 811 1779 quo
826 1687 934 1756 solent
946 1688 1083 1755 vincere
1097 1713 1105 1754 :
1120 1703 1249 1755 ueteres
1262 1690 1406 1756 virtutes
1472 1765 1473 1770 ἵ

334 1827 565 1898 pererremus,
585 1804 622 1870 in
639 1801 760 1872 bamm
779 1825 843 1872 usu
856 1817 1068 1897 tractatuque
1084 1827 1259 1872 versemur
1278 1829 1286 1870 :
1303 1820 1357 1889 et,
1376 1806 1404 1881 si
1472 1789 1473 1866 J

178 1941 213 1984 ts
227 1941 267 1979 ὀι
287 1927 313 1978 tl
336 1921 452 2015 piures
476 1917 594 1989 eodem
620 1935 732 2014 tempu
750 1915 765 2013 ii
783 1944 822 1988 re
840 1919 984 2002 absunt,
1005 1919 1100 1990 velut
1117 1941 1231 2013 sparsa
1248 1918 1406 2012 pluribus

334 2036 420 2106 iocis
432 2037 583 2105 membra
597 2036 835 2106 familiaritatis
849 2053 972 2106 nostrae
986 2036 1184 2128 colligamus
1199 2064 1206 2103 :
1221 2060 1316 2104 nune
1328 2033 1404 2118 bie,

335 2175 427 2219 nune
462 2151 519 2220 itte
544 2155 582 2221 in
608 2177 668 2222 ore
697 2154 879 2246 animoque
911 2156 985 2240 sit,
1011 2154 1092 2223 ubi.
1109 2205 1117 2221 .
1135 2179 1177 2222 e.
1195 2153 1250 2221 ius
1267 2203 1301 2219 ..
1323 2153 1350 2220 si
1371 2201 1403 2217 ..
1472 2219 1473 2248 ζ

335 2266 418 2336 bui.
439 2293 562 2364 nempe
578 2294 639 2338 nes
656 2297 665 2338 ε
683 2269 777 2338 nulia
791 2286 920 2339 tantum
938 2271 1044 2364 possit
1059 2284 1206 2338 vetustas
1222 2285 1261 2336 ut
1277 2291 1407 2336 memo-

337 2379 1034 2482 riamami·ieitire...dae...{sienun
1050 2433 1218 2453 ........
1242 2383 1408 2468 llnmest
1472 2371 1473 2396 ³

338 2548 443 2566 .....
459 2499 513 2568 lire
527 2525 586 2570 es.
610 2496 617 2598 Ι
638 2526 674 2570 se
697 2502 882 2580 interdu..
904 2525 946 2569 cu
968 2501 1026 2568 sati
1048 2509 1055 2586 Ι
1076 2500 1161 2568 solet
1178 2500 1216 2568 in
1228 2501 1337 2566 iram¹
1357 2513 1409 2566 est

185 2650 263 2688 ϊοι
284 2632 308 2683 ·d
335 2639 435 2708 quam
457 2623 465 2703 Ι
485 2616 583 2686 vaide
601 2617 695 2688 illum
713 2643 822 2688 amem
844 2626 851 2702 Ι
872 2618 1078 2688 conscientia
1094 2613 1239 2710 eacon}
1265 2667 1373 2684 .....
1472 2601 1473 2644 ¹

383 2851 446 2918 111.
459 2887 498 2901 -
511 2850 526 2938 (
535 2853 652 2917 noune
668 2853 773 2916 animi
784 2875 856 2917 esre
875 2851 956 2938 cer)
976 2850 1044 2917 tior
1060 2846 1183 2930 debet,
1198 2847 1280 2938 quia
1296 2847 1414 2916 vultus
1472 2881 1473 2934 p

335 2969 487 3034 incertus
509 2982 572 3034 est.
600 2969 743 3060 Magnos
760 2967 946 3036 humanum
962 2980 1081 3060 pectus
1101 2987 1253 3032 recessus
1275 2961 1413 3032 babet:
1472 2971 1473 2982 ³

335 3081 429 3176 quod
441 3086 537 3152 vultu
552 3108 621 3176 quo
637 3084 750 3178 piacet
764 3085 873 3152 virtus
890 3107 931 3152 eo
945 3083 1038 3152 fraus
1050 3080 1287 3162 adumbratur,
1303 3097 1340 3148 et
1354 3104 1420 3148 eo-

337 3199 557 3297 gitationibus
572 3200 727 3293 pessimis
743 3200 846 3269 facies
861 3199 1104 3291 benignissima
1120 3196 1305 3265 obducitur
1323 3223 1331 3261 z
1348 3219 1421 3264 nec
1472 3289 1473 3292 Ἴ

337 3315 437 3384 facile
452 3318 519 3384 nisi
541 3317 672 3410 peritus
695 3315 871 3408 intellegas
891 3315 975 3408 quid
994 3315 1127 3418 iptersit
1145 3316 1236 3381 inter
1257 3313 1424 3380 animum

337 3434 439 3502 amici
456 3449 491 3502 et
505 3433 666 3502 colorem.
1472 3433 1473 3448 ¹

387 3553 486 3620 Hoc¹
505 3550 569 3618 sibi
600 3551 744 3643 quisque
761 3566 928 3645 proponat
945 3573 1012 3643 quo
1035 3550 1146 3615 minus
1167 3545 1266 3614 facile
1291 3548 1429 3616 fucatis

1472 3669 1473 3702 t

340 3767 421 3822 oratio
439 3769 551 3840 proderit
566 3769 612 3821 :in
629 3787 682 3822 rem
701 3778 867 3840 presentem‘
898 3763 1432 3839 tn,piaeuitL.-Alinsexpliearetentat.
1472 3777 1473 3806 ὲ

340 3846 427 3899 venias
440 3859 546 3914 eportet.
558 3869 572 3894 s
932 3842 1153 3912 2.Hoe...osficiis.
1162 3841 1226 3894 Tres
1237 3841 1320 3896 besee
1331 3864 1433 3899 versus

377 3945 396 3978 ι.
406 3923 602 3978 Soietinimm.
615 3924 849 3996 Quivisvidetqun
897 3933 1018 3991 tanquam
1031 3911 1162 3974 Ciceronis
1180 3919 1262 3971 edidit
1280 3920 1392 3975 Melior
1409 3945 1436 3998 p.

339 4003 383 4055 irie
393 4003 536 4056 scribuntur
549 4023 602 4056 non
616 4003 666 4056 nisi
678 4003 795 4056 iaiiaeem
806 4001 848 4055 lit·
898 3998 991 4066 xcw,
1004 3998 1100 4052 addent
1111 4016 1118 4052 t
1131 4019 1144 4046 α
1152 3997 1213 4050 Non
1224 4017 1309 4050 ovum
1321 4017 1381 4052 nvo
1394 4003 1435 4054 si·

339 4091 448 4132 terarum
460 4080 567 4152 speeiem
579 4101 648 4147 esse,
670 4101 746 4152 quam
764 4094 847 4133 tamen
898 4075 981 4128 miliat
988 4074 1367 4147 essequamistbnt‘l’uiiianis
1374 4078 1437 4150 pia·

341 4157 456 4222 exbibete
465 4197 472 4227 ,
481 4171 581 4232 propter
587 4159 695 4212 rationes
704 4171 776 4212 antea
786 4158 848 4211 alla·
898 4176 930 4210 ne
941 4157 1057 4228 gemella.
1073 4178 1087 4203 u
