<?xml version="1.0" encoding="UTF-8"?>
<!DOCTYPE html PUBLIC "-//W3C//DTD XHTML 1.0 Transitional//EN"
    "http://www.w3.org/TR/xhtml1/DTD/xhtml1-transitional.dtd">
<html xmlns="http://www.w3.org/1999/xhtml" xml:lang="en" lang="en">
 <head>
  <title>
</title>
<meta http-equiv="Content-Type" content="text/html;charset=utf-8" />
  <meta name='ocr-system' content='tesseract 3.04.00' />
  <meta name='ocr-capabilities' content='ocr_page ocr_carea ocr_par ocr_line ocrx_word'/>
</head>
<body>
  <div class='ocr_page' id='page_1' title='image "./lannsenecparspr04bouigoog_0116.png"; bbox 0 0 2950 4934; ppageno 0'>
   <div class='ocr_carea' id='block_1_1' title="bbox 284 465 1057 551">
    <p class='ocr_par' dir='ltr' id='par_1_1' title="bbox 284 465 1057 551">
     <span class='ocr_line' id='line_1_1' title="bbox 284 465 1057 551; baseline 0.003 -16"><span class='ocrx_word' id='word_1_1' title='bbox 284 465 346 551; x_wconf 69' lang='lat' dir='ltr'><strong>toa</strong></span> <span class='ocrx_word' id='word_1_2' title='bbox 568 472 608 536; x_wconf 77' lang='lat' dir='ltr'><strong>a.</strong></span> <span class='ocrx_word' id='word_1_3' title='bbox 635 465 1057 536; x_wconf 68' lang='lat' dir='ltr'><strong>laurisannum</strong></span> 
     </span>
    </p>
   </div>
   <div class='ocr_carea' id='block_1_2' title="bbox 212 597 1354 2897">
    <p class='ocr_par' dir='ltr' id='par_1_2' title="bbox 212 597 1350 1730">
     <span class='ocr_line' id='line_1_2' title="bbox 276 597 1346 697; baseline 0.009 -34"><span class='ocrx_word' id='word_1_4' title='bbox 276 599 432 664; x_wconf 87' lang='lat' dir='ltr'><strong>nesciunt</strong></span> <span class='ocrx_word' id='word_1_5' title='bbox 458 597 569 665; x_wconf 85' lang='lat' dir='ltr'><strong>lucere</strong></span> <span class='ocrx_word' id='word_1_6' title='bbox 598 621 633 665; x_wconf 88' lang='lat' dir='ltr'><strong>sc</strong></span> <span class='ocrx_word' id='word_1_7' title='bbox 663 613 769 666; x_wconf 89' lang='lat' dir='ltr'><strong>recte.</strong></span> <span class='ocrx_word' id='word_1_8' title='bbox 799 599 876 665; x_wconf 87' lang='lat' dir='ltr'><strong>Non</strong></span> <span class='ocrx_word' id='word_1_9' title='bbox 898 613 1007 690; x_wconf 87' lang='lat' dir='ltr'><strong>potest</strong></span> <span class='ocrx_word' id='word_1_10' title='bbox 1029 602 1121 668; x_wconf 90' lang='lat' dir='ltr'><strong>enim</strong></span> <span class='ocrx_word' id='word_1_11' title='bbox 1144 604 1346 697; x_wconf 80' lang='lat' dir='ltr'><strong>quisquam,</strong></span> 
     </span>
     <span class='ocr_line' id='line_1_3' title="bbox 277 713 1349 809; baseline 0.007 -29"><span class='ocrx_word' id='word_1_12' title='bbox 277 713 400 797; x_wconf 82' lang='lat' dir='ltr'><strong>nisiah</strong></span> <span class='ocrx_word' id='word_1_13' title='bbox 416 714 513 782; x_wconf 93' lang='lat' dir='ltr'><strong>initio</strong></span> <span class='ocrx_word' id='word_1_14' title='bbox 528 715 690 782; x_wconf 83' lang='lat' dir='ltr'><strong>formatus</strong></span> <span class='ocrx_word' id='word_1_15' title='bbox 704 729 738 781; x_wconf 89' lang='lat' dir='ltr'><strong>ct</strong></span> <span class='ocrx_word' id='word_1_16' title='bbox 753 729 820 782; x_wconf 89' lang='lat' dir='ltr'><strong>tota</strong></span> <span class='ocrx_word' id='word_1_17' title='bbox 836 715 967 782; x_wconf 87' lang='lat' dir='ltr'><strong>rationo</strong></span> <span class='ocrx_word' id='word_1_18' title='bbox 986 717 1209 809; x_wconf 89' lang='lat' dir='ltr'><strong>compositus,</strong></span> <span class='ocrx_word' id='word_1_19' title='bbox 1229 743 1349 787; x_wconf 83' lang='lat' dir='ltr'><strong>omnes</strong></span> 
     </span>
     <span class='ocr_line' id='line_1_4' title="bbox 277 830 1350 928; baseline 0.004 -30"><span class='ocrx_word' id='word_1_20' title='bbox 277 831 415 922; x_wconf 81' lang='lat' dir='ltr'>exsequi</span> <span class='ocrx_word' id='word_1_21' title='bbox 427 853 584 899; x_wconf 82' lang='lat' dir='ltr'><strong>numeros</strong></span> <span class='ocrx_word' id='word_1_22' title='bbox 595 836 620 915; x_wconf 90' lang='lat'><strong>¹,</strong></span> <span class='ocrx_word' id='word_1_23' title='bbox 634 846 674 898; x_wconf 90' lang='lat' dir='ltr'><strong>ut</strong></span> <span class='ocrx_word' id='word_1_24' title='bbox 688 831 793 913; x_wconf 88' lang='lat' dir='ltr'><strong>sciat,</strong></span> <span class='ocrx_word' id='word_1_25' title='bbox 810 830 947 922; x_wconf 88' lang='lat' dir='ltr'><strong>quando</strong></span> <span class='ocrx_word' id='word_1_26' title='bbox 956 847 1125 925; x_wconf 84' lang='lat' dir='ltr'><strong>oporteat,</strong></span> <span class='ocrx_word' id='word_1_27' title='bbox 1140 851 1175 901; x_wconf 90' lang='lat' dir='ltr'><strong>ct</strong></span> <span class='ocrx_word' id='word_1_28' title='bbox 1187 837 1224 902; x_wconf 90' lang='lat' dir='ltr'><strong>in</strong></span> <span class='ocrx_word' id='word_1_29' title='bbox 1237 859 1350 928; x_wconf 89' lang='lat' dir='ltr'><strong>quan·</strong></span> 
     </span>
     <span class='ocr_line' id='line_1_5' title="bbox 277 946 1349 1044; baseline 0.003 -30"><span class='ocrx_word' id='word_1_30' title='bbox 277 962 370 1028; x_wconf 93' lang='lat' dir='ltr'><strong>tum,</strong></span> <span class='ocrx_word' id='word_1_31' title='bbox 392 963 426 1015; x_wconf 89' lang='lat' dir='ltr'><strong>ct</strong></span> <span class='ocrx_word' id='word_1_32' title='bbox 445 971 520 1015; x_wconf 91' lang='lat' dir='ltr'><strong>cum</strong></span> <span class='ocrx_word' id='word_1_33' title='bbox 537 972 625 1039; x_wconf 91' lang='lat' dir='ltr'><strong>quo,</strong></span> <span class='ocrx_word' id='word_1_34' title='bbox 647 963 683 1016; x_wconf 90' lang='lat' dir='ltr'><strong>et</strong></span> <span class='ocrx_word' id='word_1_35' title='bbox 697 946 993 1039; x_wconf 83' lang='lat' dir='ltr'><strong>quemadmodum.</strong></span> <span class='ocrx_word' id='word_1_36' title='bbox 1010 948 1127 1040; x_wconf 83' lang='lat' dir='ltr'><strong>Quare</strong></span> <span class='ocrx_word' id='word_1_37' title='bbox 1145 974 1214 1018; x_wconf 94' lang='lat' dir='ltr'><strong>non</strong></span> <span class='ocrx_word' id='word_1_38' title='bbox 1235 965 1349 1044; x_wconf 88' lang='lat' dir='ltr'><strong>potest</strong></span> 
     </span>
     <span class='ocr_line' id='line_1_6' title="bbox 212 1062 1349 1157; baseline 0.003 -27"><span class='ocrx_word' id='word_1_39' title='bbox 212 1091 220 1096; x_wconf 92' lang='lat'>·</span> <span class='ocrx_word' id='word_1_40' title='bbox 277 1077 347 1131; x_wconf 93' lang='lat' dir='ltr'><strong>toto</strong></span> <span class='ocrx_word' id='word_1_41' title='bbox 360 1065 472 1131; x_wconf 89' lang='lat' dir='ltr'><strong>animo</strong></span> <span class='ocrx_word' id='word_1_42' title='bbox 485 1063 529 1131; x_wconf 90' lang='lat' dir='ltr'><strong>ad</strong></span> <span class='ocrx_word' id='word_1_43' title='bbox 542 1062 684 1132; x_wconf 89' lang='lat' dir='ltr'><strong>honesta</strong></span> <span class='ocrx_word' id='word_1_44' title='bbox 696 1065 830 1148; x_wconf 91' lang='lat' dir='ltr'><strong>conari,</strong></span> <span class='ocrx_word' id='word_1_45' title='bbox 852 1088 895 1132; x_wconf 90' lang='lat' dir='ltr'><strong>ne</strong></span> <span class='ocrx_word' id='word_1_46' title='bbox 909 1079 1101 1133; x_wconf 72' lang='lat' dir='ltr'><strong>constanter</strong></span> <span class='ocrx_word' id='word_1_47' title='bbox 1115 1065 1250 1157; x_wconf 89' lang='lat' dir='ltr'><strong>quidem</strong></span> <span class='ocrx_word' id='word_1_48' title='bbox 1263 1117 1273 1149; x_wconf 94' lang='lat'><strong>,</strong></span> <span class='ocrx_word' id='word_1_49' title='bbox 1286 1080 1349 1133; x_wconf 91' lang='lat' dir='ltr'><strong>aut</strong></span> 
     </span>
     <span class='ocr_line' id='line_1_7' title="bbox 237 1175 1343 1271; baseline 0.005 -29"><span class='ocrx_word' id='word_1_50' title='bbox 237 1188 253 1242; x_wconf 80' lang='grc'><strong>6</strong></span> <span class='ocrx_word' id='word_1_51' title='bbox 277 1175 447 1263; x_wconf 73' lang='lat' dir='ltr'><strong>libenter,</strong></span> <span class='ocrx_word' id='word_1_52' title='bbox 469 1177 529 1244; x_wconf 87' lang='lat' dir='ltr'><strong>sed</strong></span> <span class='ocrx_word' id='word_1_53' title='bbox 546 1178 728 1271; x_wconf 75' lang='lat' dir='ltr'><strong>respiciet,</strong></span> <span class='ocrx_word' id='word_1_54' title='bbox 757 1176 818 1246; x_wconf 89' lang='lat' dir='ltr'><strong>sed</strong></span> <span class='ocrx_word' id='word_1_55' title='bbox 843 1176 1022 1246; x_wconf 68' lang='lat' dir='ltr'><strong>haesitabit.</strong></span> <span class='ocrx_word' id='word_1_56' title='bbox 1040 1216 1080 1231; x_wconf 89' lang='lat'>-</span> <span class='ocrx_word' id='word_1_57' title='bbox 1094 1181 1156 1248; x_wconf 73' lang='lat' dir='ltr'><strong>ast</strong></span> <span class='ocrx_word' id='word_1_58' title='bbox 1175 1179 1343 1263; x_wconf 88' lang='lat' dir='ltr'><strong>honesta,</strong></span> 
     </span>
     <span class='ocr_line' id='line_1_8' title="bbox 278 1292 1347 1389; baseline 0.005 -31"><span class='ocrx_word' id='word_1_59' title='bbox 278 1294 407 1384; x_wconf 76' lang='lat' dir='ltr'><strong>inquit,</strong></span> <span class='ocrx_word' id='word_1_60' title='bbox 429 1295 517 1361; x_wconf 90' lang='lat' dir='ltr'><strong>actio</strong></span> <span class='ocrx_word' id='word_1_61' title='bbox 529 1317 568 1362; x_wconf 84' lang='lat' dir='ltr'><strong>ex</strong></span> <span class='ocrx_word' id='word_1_62' title='bbox 588 1295 767 1387; x_wconf 71' lang='lat' dir='ltr'><strong>preceptis</strong></span> <span class='ocrx_word' id='word_1_63' title='bbox 783 1293 898 1378; x_wconf 86' lang='lat' dir='ltr'><strong>venit,</strong></span> <span class='ocrx_word' id='word_1_64' title='bbox 919 1292 964 1362; x_wconf 90' lang='lat' dir='ltr'><strong>ad</strong></span> <span class='ocrx_word' id='word_1_65' title='bbox 982 1294 1116 1364; x_wconf 84' lang='lat' dir='ltr'><strong>beatam</strong></span> <span class='ocrx_word' id='word_1_66' title='bbox 1137 1296 1237 1364; x_wconf 86' lang='lat' dir='ltr'><strong>vitam</strong></span> <span class='ocrx_word' id='word_1_67' title='bbox 1256 1319 1347 1389; x_wconf 80' lang='lat' dir='ltr'><strong>prae·</strong></span> 
     </span>
     <span class='ocr_line' id='line_1_9' title="bbox 279 1405 1349 1503; baseline 0.004 -29"><span class='ocrx_word' id='word_1_68' title='bbox 279 1422 377 1500; x_wconf 89' lang='lat' dir='ltr'><strong>cepta</strong></span> <span class='ocrx_word' id='word_1_69' title='bbox 393 1405 530 1476; x_wconf 88' lang='lat' dir='ltr'><strong>abunde</strong></span> <span class='ocrx_word' id='word_1_70' title='bbox 547 1422 625 1476; x_wconf 88' lang='lat' dir='ltr'><strong>sunt</strong></span> <span class='ocrx_word' id='word_1_71' title='bbox 642 1434 650 1476; x_wconf 74' lang='grc' dir='ltr'><strong>ε</strong></span> <span class='ocrx_word' id='word_1_72' title='bbox 666 1409 762 1499; x_wconf 90' lang='lat' dir='ltr'><strong>atqui</strong></span> <span class='ocrx_word' id='word_1_73' title='bbox 777 1424 828 1476; x_wconf 90' lang='lat' dir='ltr'><strong>est</strong></span> <span class='ocrx_word' id='word_1_74' title='bbox 838 1406 924 1477; x_wconf 92' lang='lat' dir='ltr'><strong>illud</strong></span> <span class='ocrx_word' id='word_1_75' title='bbox 942 1436 950 1478; x_wconf 75' lang='grc' dir='ltr'><strong><em>ε</em></strong></span> <span class='ocrx_word' id='word_1_76' title='bbox 967 1432 1051 1503; x_wconf 82' lang='lat' dir='ltr'><strong>ergo</strong></span> <span class='ocrx_word' id='word_1_77' title='bbox 1065 1425 1099 1477; x_wconf 91' lang='lat' dir='ltr'><strong>et</strong></span> <span class='ocrx_word' id='word_1_78' title='bbox 1111 1408 1188 1478; x_wconf 85' lang='lat' dir='ltr'><strong>hoc.</strong></span> <span class='ocrx_word' id='word_1_79' title='bbox 1204 1411 1349 1478; x_wconf 77' lang='lat' dir='ltr'><strong>a--His</strong></span> 
     </span>
     <span class='ocr_line' id='line_1_10' title="bbox 279 1520 1344 1617; baseline 0.002 -26"><span class='ocrx_word' id='word_1_80' title='bbox 279 1520 521 1617; x_wconf 82' lang='lat' dir='ltr'><strong>respondemus</strong></span> <span class='ocrx_word' id='word_1_81' title='bbox 538 1549 546 1590; x_wconf 76' lang='grc' dir='ltr'><strong><em>ε</em></strong></span> <span class='ocrx_word' id='word_1_82' title='bbox 561 1525 713 1593; x_wconf 84' lang='lat' dir='ltr'><strong>actiones</strong></span> <span class='ocrx_word' id='word_1_83' title='bbox 725 1523 885 1592; x_wconf 86' lang='lat' dir='ltr'><strong>honestas</strong></span> <span class='ocrx_word' id='word_1_84' title='bbox 896 1541 931 1591; x_wconf 81' lang='lat' dir='ltr'><strong>ct</strong></span> <span class='ocrx_word' id='word_1_85' title='bbox 938 1521 1130 1614; x_wconf 74' lang='lat' dir='ltr'><strong>proecepo&#39;s&#39;</strong></span> <span class='ocrx_word' id='word_1_86' title='bbox 1144 1525 1240 1611; x_wconf 66' lang='lat' dir='ltr'><strong>fieri,</strong></span> <span class='ocrx_word' id='word_1_87' title='bbox 1254 1548 1344 1605; x_wconf 90' lang='lat' dir='ltr'><strong>non,</strong></span> 
     </span>
     <span class='ocr_line' id='line_1_11' title="bbox 280 1644 605 1730; baseline 0.003 -24"><span class='ocrx_word' id='word_1_88' title='bbox 280 1657 409 1706; x_wconf 81' lang='lat' dir='ltr'><strong>tantmn</strong></span> <span class='ocrx_word' id='word_1_89' title='bbox 418 1644 605 1730; x_wconf 84' lang='lat' dir='ltr'><strong>praeceptis.</strong></span> 
     </span>
    </p>

    <p class='ocr_par' dir='ltr' id='par_1_3' title="bbox 280 1757 1354 2897">
     <span class='ocr_line' id='line_1_12' title="bbox 332 1757 1346 1850; baseline 0.004 -30"><span class='ocrx_word' id='word_1_90' title='bbox 332 1784 348 1820; x_wconf 80' lang='lat' dir='ltr'><strong>a</strong></span> <span class='ocrx_word' id='word_1_91' title='bbox 367 1757 401 1825; x_wconf 91' lang='lat' dir='ltr'><strong>Si</strong></span> <span class='ocrx_word' id='word_1_92' title='bbox 427 1757 526 1839; x_wconf 82' lang='lat' dir='ltr'><strong>aliae,</strong></span> <span class='ocrx_word' id='word_1_93' title='bbox 553 1759 694 1850; x_wconf 89' lang='lat' dir='ltr'><strong>inquit,</strong></span> <span class='ocrx_word' id='word_1_94' title='bbox 728 1772 819 1826; x_wconf 85' lang='lat' dir='ltr'><strong>artes</strong></span> <span class='ocrx_word' id='word_1_95' title='bbox 845 1773 1011 1825; x_wconf 71' lang='lat' dir='ltr'><strong>contentas</strong></span> <span class='ocrx_word' id='word_1_96' title='bbox 1038 1771 1117 1826; x_wconf 89' lang='lat' dir='ltr'><strong>sunt</strong></span> <span class='ocrx_word' id='word_1_97' title='bbox 1140 1759 1346 1850; x_wconf 76' lang='lat' dir='ltr'><strong>preceptis,</strong></span> 
     </span>
     <span class='ocr_line' id='line_1_13' title="bbox 281 1865 1347 1968; baseline 0 -32"><span class='ocrx_word' id='word_1_98' title='bbox 281 1885 437 1938; x_wconf 88' lang='lat' dir='ltr'><strong>contenta</strong></span> <span class='ocrx_word' id='word_1_99' title='bbox 463 1871 531 1938; x_wconf 92' lang='lat' dir='ltr'><strong>erit</strong></span> <span class='ocrx_word' id='word_1_100' title='bbox 555 1888 589 1939; x_wconf 90' lang='lat' dir='ltr'><strong>et</strong></span> <span class='ocrx_word' id='word_1_101' title='bbox 614 1871 802 1965; x_wconf 75' lang='lat' dir='ltr'><strong>sapientia3</strong></span> <span class='ocrx_word' id='word_1_102' title='bbox 829 1895 909 1939; x_wconf 88' lang='lat' dir='ltr'><strong>narn</strong></span> <span class='ocrx_word' id='word_1_103' title='bbox 934 1886 970 1938; x_wconf 81' lang='lat' dir='ltr'><strong>et</strong></span> <span class='ocrx_word' id='word_1_104' title='bbox 989 1870 1064 1939; x_wconf 80' lang='lat' dir='ltr'><strong>haec</strong></span> <span class='ocrx_word' id='word_1_105' title='bbox 1080 1893 1136 1968; x_wconf 85' lang='lat' dir='ltr'><strong>ars</strong></span> <span class='ocrx_word' id='word_1_106' title='bbox 1154 1865 1256 1940; x_wconf 76' lang='lat' dir='ltr'><strong>vitte³</strong></span> <span class='ocrx_word' id='word_1_107' title='bbox 1280 1886 1347 1938; x_wconf 87' lang='lat' dir='ltr'><strong>est.</strong></span> 
     </span>
     <span class='ocr_line' id='line_1_14' title="bbox 281 1985 1351 2081; baseline 0 -27"><span class='ocrx_word' id='word_1_108' title='bbox 281 1987 384 2078; x_wconf 81' lang='lat' dir='ltr'><strong>Atqui</strong></span> <span class='ocrx_word' id='word_1_109' title='bbox 402 1985 666 2080; x_wconf 79' lang='lat' dir='ltr'><strong>gubernatorem</strong></span> <span class='ocrx_word' id='word_1_110' title='bbox 683 1987 766 2055; x_wconf 86' lang='lat' dir='ltr'><strong>facit</strong></span> <span class='ocrx_word' id='word_1_111' title='bbox 785 1986 865 2067; x_wconf 88' lang='lat' dir='ltr'><strong>ille,</strong></span> <span class='ocrx_word' id='word_1_112' title='bbox 891 1987 952 2078; x_wconf 93' lang='lat' dir='ltr'><strong>qui</strong></span> <span class='ocrx_word' id='word_1_113' title='bbox 969 1988 1126 2081; x_wconf 67' lang='lat' dir='ltr'><strong>precipit</strong></span> <span class='ocrx_word' id='word_1_114' title='bbox 1148 2013 1156 2052; x_wconf 72' lang='grc' dir='ltr'>ε</span> <span class='ocrx_word' id='word_1_115' title='bbox 1179 1986 1236 2055; x_wconf 87' lang='lat' dir='ltr'><strong>Sic</strong></span> <span class='ocrx_word' id='word_1_116' title='bbox 1251 2010 1351 2056; x_wconf 86' lang='lat' dir='ltr'><strong>move</strong></span> 
     </span>
     <span class='ocr_line' id='line_1_15' title="bbox 282 2102 1350 2196; baseline -0.001 -25"><span class='ocrx_word' id='word_1_117' title='bbox 282 2103 571 2196; x_wconf 83' lang='lat' dir='ltr'><strong>gubernaculum,</strong></span> <span class='ocrx_word' id='word_1_118' title='bbox 599 2106 649 2171; x_wconf 88' lang='lat' dir='ltr'><strong>sic</strong></span> <span class='ocrx_word' id='word_1_119' title='bbox 677 2103 753 2172; x_wconf 81' lang='lat' dir='ltr'><strong>vela</strong></span> <span class='ocrx_word' id='word_1_120' title='bbox 784 2102 966 2189; x_wconf 82' lang='lat' dir='ltr'><strong>submitte,</strong></span> <span class='ocrx_word' id='word_1_121' title='bbox 995 2105 1045 2171; x_wconf 88' lang='lat' dir='ltr'><strong>sic</strong></span> <span class='ocrx_word' id='word_1_122' title='bbox 1072 2103 1220 2172; x_wconf 88' lang='lat' dir='ltr'><strong>secundo</strong></span> <span class='ocrx_word' id='word_1_123' title='bbox 1245 2117 1350 2172; x_wconf 82' lang='lat' dir='ltr'><strong>rento</strong></span> 
     </span>
     <span class='ocr_line' id='line_1_16' title="bbox 280 2219 1350 2312; baseline 0 -24"><span class='ocrx_word' id='word_1_124' title='bbox 280 2236 398 2305; x_wconf 88' lang='lat' dir='ltr'><strong>utere,</strong></span> <span class='ocrx_word' id='word_1_125' title='bbox 423 2221 473 2288; x_wconf 88' lang='lat' dir='ltr'><strong>sic</strong></span> <span class='ocrx_word' id='word_1_126' title='bbox 497 2219 639 2290; x_wconf 84' lang='lat' dir='ltr'><strong>adverso</strong></span> <span class='ocrx_word' id='word_1_127' title='bbox 658 2220 799 2305; x_wconf 84' lang='lat' dir='ltr'><strong>resiste,</strong></span> <span class='ocrx_word' id='word_1_128' title='bbox 826 2221 876 2289; x_wconf 89' lang='lat' dir='ltr'><strong>sic</strong></span> <span class='ocrx_word' id='word_1_129' title='bbox 900 2219 1041 2290; x_wconf 90' lang='lat' dir='ltr'><strong>dubium</strong></span> <span class='ocrx_word' id='word_1_130' title='bbox 1067 2243 1350 2312; x_wconf 88' lang='lat' dir='ltr'><strong>communemque</strong></span> 
     </span>
     <span class='ocr_line' id='line_1_17' title="bbox 282 2320 1348 2430; baseline 0 -26"><span class='ocrx_word' id='word_1_131' title='bbox 282 2320 346 2404; x_wconf 89' lang='lat' dir='ltr'><strong>tihi</strong></span> <span class='ocrx_word' id='word_1_132' title='bbox 356 2333 508 2405; x_wconf 33' lang='lat' dir='ltr'><strong>[vindica.</strong></span> <span class='ocrx_word' id='word_1_133' title='bbox 526 2335 620 2404; x_wconf 77' lang='lat' dir='ltr'><strong>Alios</strong></span> <span class='ocrx_word' id='word_1_134' title='bbox 632 2358 771 2428; x_wconf 89' lang='lat' dir='ltr'><strong>quoque</strong></span> <span class='ocrx_word' id='word_1_135' title='bbox 783 2333 932 2407; x_wconf 87' lang='lat' dir='ltr'><strong>artifices</strong></span> <span class='ocrx_word' id='word_1_136' title='bbox 946 2353 1114 2430; x_wconf 76' lang='lat' dir='ltr'><strong>praecepta</strong></span> <span class='ocrx_word' id='word_1_137' title='bbox 1127 2337 1348 2405; x_wconf 84' lang='lat' dir='ltr'><strong>confirmant:</strong></span> 
     </span>
     <span class='ocr_line' id='line_1_18' title="bbox 282 2442 1354 2546; baseline 0 -28"><span class='ocrx_word' id='word_1_138' title='bbox 282 2475 364 2546; x_wconf 81' lang='lat' dir='ltr'><strong>ergo</strong></span> <span class='ocrx_word' id='word_1_139' title='bbox 379 2452 415 2518; x_wconf 91' lang='lat' dir='ltr'><strong>in</strong></span> <span class='ocrx_word' id='word_1_140' title='bbox 429 2442 516 2520; x_wconf 69' lang='lat' dir='ltr'><strong>hool</strong></span> <span class='ocrx_word' id='word_1_141' title='bbox 532 2451 622 2522; x_wconf 90' lang='lat' dir='ltr'><strong>idem</strong></span> <span class='ocrx_word' id='word_1_142' title='bbox 637 2467 796 2545; x_wconf 88' lang='lat' dir='ltr'><strong>poterunt</strong></span> <span class='ocrx_word' id='word_1_143' title='bbox 811 2452 960 2521; x_wconf 86' lang='lat' dir='ltr'><strong>artifices</strong></span> <span class='ocrx_word' id='word_1_144' title='bbox 974 2445 1157 2521; x_wconf 80' lang='lat' dir='ltr'><strong>vivendi.&#39;»</strong></span> <span class='ocrx_word' id='word_1_145' title='bbox 1170 2453 1354 2520; x_wconf 81' lang='lat' dir='ltr'><strong>-Omnes</strong></span> 
     </span>
     <span class='ocr_line' id='line_1_19' title="bbox 283 2569 1352 2665; baseline 0.001 -30"><span class='ocrx_word' id='word_1_146' title='bbox 283 2569 354 2636; x_wconf 84' lang='lat' dir='ltr'><strong>istae</strong></span> <span class='ocrx_word' id='word_1_147' title='bbox 377 2584 468 2636; x_wconf 85' lang='lat' dir='ltr'><strong>artes</strong></span> <span class='ocrx_word' id='word_1_148' title='bbox 490 2569 581 2636; x_wconf 88' lang='lat' dir='ltr'><strong>circa</strong></span> <span class='ocrx_word' id='word_1_149' title='bbox 602 2569 826 2636; x_wconf 85' lang='lat' dir='ltr'><strong>instrumenta</strong></span> <span class='ocrx_word' id='word_1_150' title='bbox 851 2569 929 2638; x_wconf 73' lang='lat' dir='ltr'><strong>vitre</strong></span> <span class='ocrx_word' id='word_1_151' title='bbox 956 2585 1127 2665; x_wconf 75' lang='lat' dir='ltr'><strong>occupata</strong></span> <span class='ocrx_word' id='word_1_152' title='bbox 1156 2585 1254 2655; x_wconf 84' lang='lat' dir='ltr'><strong>sunt,</strong></span> <span class='ocrx_word' id='word_1_153' title='bbox 1281 2593 1352 2637; x_wconf 91' lang='lat' dir='ltr'><strong>non</strong></span> 
     </span>
     <span class='ocr_line' id='line_1_20' title="bbox 284 2683 1352 2775; baseline 0.003 -24"><span class='ocrx_word' id='word_1_154' title='bbox 284 2683 375 2752; x_wconf 87' lang='lat' dir='ltr'><strong>circa</strong></span> <span class='ocrx_word' id='word_1_155' title='bbox 392 2699 495 2750; x_wconf 92' lang='lat' dir='ltr'><strong>totam</strong></span> <span class='ocrx_word' id='word_1_156' title='bbox 514 2683 629 2750; x_wconf 84' lang='lat' dir='ltr'><strong>vitam.</strong></span> <span class='ocrx_word' id='word_1_157' title='bbox 652 2685 772 2775; x_wconf 91' lang='lat' dir='ltr'><strong>Itaque</strong></span> <span class='ocrx_word' id='word_1_158' title='bbox 790 2685 895 2753; x_wconf 89' lang='lat' dir='ltr'><strong>multa</strong></span> <span class='ocrx_word' id='word_1_159' title='bbox 914 2685 989 2754; x_wconf 89' lang='lat' dir='ltr'><strong>illas</strong></span> <span class='ocrx_word' id='word_1_160' title='bbox 1007 2685 1166 2754; x_wconf 90' lang='lat' dir='ltr'><strong>inhibent</strong></span> <span class='ocrx_word' id='word_1_161' title='bbox 1184 2687 1352 2755; x_wconf 86' lang='lat' dir='ltr'><strong>extrinse-</strong></span> 
     </span>
     <span class='ocr_line' id='line_1_21' title="bbox 285 2800 1352 2897; baseline 0.003 -28"><span class='ocrx_word' id='word_1_162' title='bbox 285 2825 366 2884; x_wconf 89' lang='lat' dir='ltr'><strong>cus,</strong></span> <span class='ocrx_word' id='word_1_163' title='bbox 387 2816 421 2869; x_wconf 90' lang='lat' dir='ltr'><strong>et</strong></span> <span class='ocrx_word' id='word_1_164' title='bbox 434 2800 643 2893; x_wconf 89' lang='lat' dir='ltr'><strong>impediunt:</strong></span> <span class='ocrx_word' id='word_1_165' title='bbox 661 2825 756 2894; x_wconf 84' lang='lat' dir='ltr'><strong>spes,</strong></span> <span class='ocrx_word' id='word_1_166' title='bbox 774 2800 959 2896; x_wconf 86' lang='lat' dir='ltr'><strong>cupiditas,</strong></span> <span class='ocrx_word' id='word_1_167' title='bbox 979 2803 1092 2872; x_wconf 86' lang='lat' dir='ltr'><strong>timor.</strong></span> <span class='ocrx_word' id='word_1_168' title='bbox 1110 2804 1156 2872; x_wconf 81' lang='lat' dir='ltr'><strong>At</strong></span> <span class='ocrx_word' id='word_1_169' title='bbox 1170 2802 1260 2887; x_wconf 72' lang='lat' dir='ltr'><strong>haec,</strong></span> <span class='ocrx_word' id='word_1_170' title='bbox 1275 2828 1352 2897; x_wconf 82' lang='lat' dir='ltr'><strong>quae</strong></span> 
     </span>
    </p>
   </div>
   <div class='ocr_carea' id='block_1_3' title="bbox 284 3044 1383 4287">
    <p class='ocr_par' dir='ltr' id='par_1_4' title="bbox 284 3044 1383 4287">
     <span class='ocr_line' id='line_1_22' title="bbox 286 3044 1352 3119; baseline 0.003 -21"><span class='ocrx_word' id='word_1_171' title='bbox 286 3044 534 3112; x_wconf 59' lang='lat' dir='ltr'><strong>cohabitantem</strong></span> <span class='ocrx_word' id='word_1_172' title='bbox 546 3046 643 3099; x_wconf 79' lang='lat' dir='ltr'><strong>ratione</strong></span> <span class='ocrx_word' id='word_1_173' title='bbox 653 3046 689 3099; x_wconf 86' lang='lat' dir='ltr'><strong>nti</strong></span> <span class='ocrx_word' id='word_1_174' title='bbox 700 3047 793 3100; x_wconf 78' lang='lat' dir='ltr'><strong>debere</strong></span> <span class='ocrx_word' id='word_1_175' title='bbox 842 3047 887 3119; x_wconf 86' lang='lat' dir='ltr'><strong>qui</strong></span> <span class='ocrx_word' id='word_1_176' title='bbox 902 3048 983 3101; x_wconf 75' lang='lat' dir='ltr'><strong>edidit</strong></span> <span class='ocrx_word' id='word_1_177' title='bbox 992 3068 1030 3102; x_wconf 75' lang='lat' dir='ltr'><strong>ex</strong></span> <span class='ocrx_word' id='word_1_178' title='bbox 1039 3051 1158 3114; x_wconf 53' lang='lat' dir='ltr'><strong>dentis,</strong></span> <span class='ocrx_word' id='word_1_179' title='bbox 1172 3049 1208 3102; x_wconf 82' lang='lat' dir='ltr'><strong>tic</strong></span> <span class='ocrx_word' id='word_1_180' title='bbox 1218 3047 1306 3102; x_wconf 84' lang='lat' dir='ltr'><strong>addit:</strong></span> <span class='ocrx_word' id='word_1_181' title='bbox 1319 3051 1352 3101; x_wconf 86' lang='lat' dir='ltr'><strong>ln</strong></span> 
     </span>
     <span class='ocr_line' id='line_1_23' title="bbox 284 3123 1353 3200; baseline 0.005 -25"><span class='ocrx_word' id='word_1_182' title='bbox 284 3123 317 3175; x_wconf 88' lang='lat' dir='ltr'><strong>ad</strong></span> <span class='ocrx_word' id='word_1_183' title='bbox 326 3137 391 3177; x_wconf 82' lang='lat' dir='ltr'><strong>recta</strong></span> <span class='ocrx_word' id='word_1_184' title='bbox 399 3125 551 3178; x_wconf 82' lang='lat' dir='ltr'><strong>faciendum.</strong></span> <span class='ocrx_word' id='word_1_185' title='bbox 560 3125 794 3199; x_wconf 81' lang='lat' dir='ltr'><strong>R.-Nequaenim</strong></span> <span class='ocrx_word' id='word_1_186' title='bbox 842 3125 892 3181; x_wconf 84' lang='lat' dir='ltr'><strong>hoc</strong></span> <span class='ocrx_word' id='word_1_187' title='bbox 900 3127 1035 3180; x_wconf 80' lang='lat' dir='ltr'><strong>ratiocinio</strong></span> <span class='ocrx_word' id='word_1_188' title='bbox 1045 3127 1205 3200; x_wconf 77' lang='lat' dir='ltr'><strong>hypothetico</strong></span> <span class='ocrx_word' id='word_1_189' title='bbox 1215 3141 1280 3180; x_wconf 79' lang='lat' dir='ltr'><strong>recte</strong></span> <span class='ocrx_word' id='word_1_190' title='bbox 1290 3147 1353 3180; x_wconf 87' lang='lat' dir='ltr'><strong>ma-</strong></span> 
     </span>
     <span class='ocr_line' id='line_1_24' title="bbox 284 3202 1354 3280; baseline 0.004 -28"><span class='ocrx_word' id='word_1_191' title='bbox 284 3221 383 3253; x_wconf 83' lang='lat' dir='ltr'><strong>tauaam</strong></span> <span class='ocrx_word' id='word_1_192' title='bbox 395 3213 494 3270; x_wconf 83' lang='lat' dir='ltr'><strong>tenent,</strong></span> <span class='ocrx_word' id='word_1_193' title='bbox 508 3223 552 3255; x_wconf 87' lang='lat' dir='ltr'><strong>cur</strong></span> <span class='ocrx_word' id='word_1_194' title='bbox 563 3203 673 3275; x_wconf 85' lang='lat' dir='ltr'><strong>quidque</strong></span> <span class='ocrx_word' id='word_1_195' title='bbox 684 3202 742 3258; x_wconf 82' lang='lat' dir='ltr'><strong>lieri</strong></span> <span class='ocrx_word' id='word_1_196' title='bbox 752 3207 796 3259; x_wconf 81' lang='lat' dir='ltr'><strong>de·</strong></span> <span class='ocrx_word' id='word_1_197' title='bbox 843 3205 883 3280; x_wconf 83' lang='lat' dir='ltr'><strong>jor</strong></span> <span class='ocrx_word' id='word_1_198' title='bbox 900 3206 1072 3279; x_wconf 70' lang='lat' dir='ltr'><strong>impugnatur.</strong></span> <span class='ocrx_word' id='word_1_199' title='bbox 1086 3205 1196 3261; x_wconf 78' lang='lat' dir='ltr'><strong>Decreta</strong></span> <span class='ocrx_word' id='word_1_200' title='bbox 1209 3218 1268 3259; x_wconf 81' lang='lat' dir='ltr'><strong>aunt</strong></span> <span class='ocrx_word' id='word_1_201' title='bbox 1286 3205 1354 3277; x_wconf 87' lang='lat' dir='ltr'><strong>prin-</strong></span> 
     </span>
     <span class='ocr_line' id='line_1_25' title="bbox 284 3279 1355 3356; baseline 0.006 -27"><span class='ocrx_word' id='word_1_202' title='bbox 284 3279 349 3330; x_wconf 84' lang='lat' dir='ltr'><strong>heat.</strong></span> <span class='ocrx_word' id='word_1_203' title='bbox 360 3283 447 3349; x_wconf 73' lang='lat' dir='ltr'><strong>Atque</strong></span> <span class='ocrx_word' id='word_1_204' title='bbox 455 3279 505 3332; x_wconf 82' lang='lat' dir='ltr'><strong>hoc</strong></span> <span class='ocrx_word' id='word_1_205' title='bbox 513 3280 616 3351; x_wconf 85' lang='lat' dir='ltr'><strong>quidem</strong></span> <span class='ocrx_word' id='word_1_206' title='bbox 626 3295 692 3335; x_wconf 81' lang='lat' dir='ltr'><strong>recte</strong></span> <span class='ocrx_word' id='word_1_207' title='bbox 702 3295 726 3335; x_wconf 84' lang='lat' dir='ltr'><strong>et</strong></span> <span class='ocrx_word' id='word_1_208' title='bbox 736 3303 795 3336; x_wconf 76' lang='lat' dir='ltr'><strong>vcro</strong></span> <span class='ocrx_word' id='word_1_209' title='bbox 844 3283 909 3356; x_wconf 85' lang='lat' dir='ltr'><strong>cipia</strong></span> <span class='ocrx_word' id='word_1_210' title='bbox 915 3324 922 3351; x_wconf 90' lang='lat'><strong>,</strong></span> <span class='ocrx_word' id='word_1_211' title='bbox 935 3303 991 3354; x_wconf 68' lang='lat' dir='ltr'><strong>quc</strong></span> <span class='ocrx_word' id='word_1_212' title='bbox 1001 3303 1048 3336; x_wconf 82' lang='lat' dir='ltr'><strong>nos</strong></span> <span class='ocrx_word' id='word_1_213' title='bbox 1061 3302 1194 3346; x_wconf 78' lang='lat' dir='ltr'><strong>vocamus,</strong></span> <span class='ocrx_word' id='word_1_214' title='bbox 1203 3282 1273 3335; x_wconf 78' lang='lat' dir='ltr'><strong>unda</strong></span> <span class='ocrx_word' id='word_1_215' title='bbox 1284 3301 1355 3354; x_wconf 67' lang='lat' dir='ltr'><strong>pre-</strong></span> 
     </span>
     <span class='ocr_line' id='line_1_26' title="bbox 285 3356 1197 3435; baseline 0.003 -26"><span class='ocrx_word' id='word_1_216' title='bbox 285 3378 299 3409; x_wconf 93' lang='lat' dir='ltr'><strong>a</strong></span> <span class='ocrx_word' id='word_1_217' title='bbox 318 3356 404 3411; x_wconf 79' lang='lat' dir='ltr'><strong>stoicis</strong></span> <span class='ocrx_word' id='word_1_218' title='bbox 421 3356 551 3410; x_wconf 79' lang='lat' dir='ltr'><strong>dicebatur</strong></span> <span class='ocrx_word' id='word_1_219' title='bbox 568 3359 652 3411; x_wconf 85' lang='lat' dir='ltr'><strong>:illud</strong></span> <span class='ocrx_word' id='word_1_220' title='bbox 668 3361 794 3425; x_wconf 83' lang='lat' dir='ltr'><strong>absurde,</strong></span> <span class='ocrx_word' id='word_1_221' title='bbox 845 3374 915 3435; x_wconf 83' lang='lat' dir='ltr'><strong>cepta</strong></span> <span class='ocrx_word' id='word_1_222' title='bbox 929 3362 1095 3415; x_wconf 81' lang='lat' dir='ltr'><strong>deducuntur.</strong></span> <span class='ocrx_word' id='word_1_223' title='bbox 1107 3360 1197 3414; x_wconf 73' lang='lat' dir='ltr'><strong>Ruta.</strong></span> 
     </span>
     <span class='ocr_line' id='line_1_27' title="bbox 285 3434 1383 3511; baseline 0.003 -23"><span class='ocrx_word' id='word_1_224' title='bbox 285 3434 355 3506; x_wconf 90' lang='lat' dir='ltr'><strong>quod</strong></span> <span class='ocrx_word' id='word_1_225' title='bbox 363 3435 493 3500; x_wconf 77' lang='lat' dir='ltr'><strong>dicebant,</strong></span> <span class='ocrx_word' id='word_1_226' title='bbox 506 3457 534 3489; x_wconf 80' lang='lat' dir='ltr'><strong>er</strong></span> <span class='ocrx_word' id='word_1_227' title='bbox 545 3436 685 3491; x_wconf 80' lang='lat' dir='ltr'><strong>miserrimo</strong></span> <span class='ocrx_word' id='word_1_228' title='bbox 695 3440 796 3496; x_wconf 84' lang='lat' dir='ltr'><strong>beatum</strong></span> <span class='ocrx_word' id='word_1_229' title='bbox 877 3441 901 3492; x_wconf 83' lang='lat'><strong>3.</strong></span> <span class='ocrx_word' id='word_1_230' title='bbox 915 3441 970 3495; x_wconf 83' lang='lat' dir='ltr'><strong>Ars</strong></span> <span class='ocrx_word' id='word_1_231' title='bbox 981 3446 1050 3494; x_wconf 73' lang='lat' dir='ltr'><strong>vita.</strong></span> <span class='ocrx_word' id='word_1_232' title='bbox 1062 3440 1120 3493; x_wconf 86' lang='lat' dir='ltr'><strong>Jam</strong></span> <span class='ocrx_word' id='word_1_233' title='bbox 1130 3459 1203 3511; x_wconf 81' lang='lat' dir='ltr'><strong>supra</strong></span> <span class='ocrx_word' id='word_1_234' title='bbox 1214 3439 1260 3510; x_wconf 76' lang='lat' dir='ltr'><strong>Ep.</strong></span> <span class='ocrx_word' id='word_1_235' title='bbox 1268 3453 1311 3503; x_wconf 71' lang='lat' dir='ltr'><strong>xc,</strong></span> <span class='ocrx_word' id='word_1_236' title='bbox 1321 3439 1355 3505; x_wconf 65' lang='grc'><strong>44</strong></span> <span class='ocrx_word' id='word_1_237' title='bbox 1380 3473 1383 3479; x_wconf 92' lang='grc'>-</span> 
     </span>
     <span class='ocr_line' id='line_1_28' title="bbox 286 3514 1355 3588; baseline 0.001 -20"><span class='ocrx_word' id='word_1_238' title='bbox 286 3535 355 3587; x_wconf 82' lang='lat' dir='ltr'><strong>posse</strong></span> <span class='ocrx_word' id='word_1_239' title='bbox 366 3514 423 3567; x_wconf 84' lang='lat' dir='ltr'><strong>lieri</strong></span> <span class='ocrx_word' id='word_1_240' title='bbox 435 3515 561 3587; x_wconf 85' lang='lat' dir='ltr'><strong>aliquem,</strong></span> <span class='ocrx_word' id='word_1_241' title='bbox 577 3518 619 3588; x_wconf 85' lang='lat' dir='ltr'><strong>qni</strong></span> <span class='ocrx_word' id='word_1_242' title='bbox 632 3530 715 3570; x_wconf 85' lang='lat' dir='ltr'><strong>tamen</strong></span> <span class='ocrx_word' id='word_1_243' title='bbox 732 3519 796 3572; x_wconf 90' lang='lat' dir='ltr'><strong>nul·</strong></span> <span class='ocrx_word' id='word_1_244' title='bbox 845 3519 968 3573; x_wconf 83' lang='lat' dir='ltr'><strong>vidimus:</strong></span> <span class='ocrx_word' id='word_1_245' title='bbox 977 3542 991 3568; x_wconf 72' lang='lat' dir='ltr'><strong>a</strong></span> <span class='ocrx_word' id='word_1_246' title='bbox 1000 3539 1040 3572; x_wconf 85' lang='lat' dir='ltr'><strong>ars</strong></span> <span class='ocrx_word' id='word_1_247' title='bbox 1047 3520 1186 3573; x_wconf 70' lang='lat' dir='ltr'><strong>otthonum</strong></span> <span class='ocrx_word' id='word_1_248' title='bbox 1194 3517 1282 3569; x_wconf 59' lang='lat' dir='ltr'><strong>herim</strong></span> <span class='ocrx_word' id='word_1_249' title='bbox 1293 3516 1355 3569; x_wconf 82' lang='lat' dir='ltr'><strong>hinc</strong></span> 
     </span>
     <span class='ocr_line' id='line_1_29' title="bbox 285 3593 1355 3672; baseline 0.004 -28"><span class='ocrx_word' id='word_1_250' title='bbox 285 3593 796 3665; x_wconf 76' lang='lat' dir='ltr'><strong>lumpromusaensumltaberettantaeil-</strong></span> <span class='ocrx_word' id='word_1_251' title='bbox 844 3597 1002 3672; x_wconf 84' lang='lat' dir='ltr'><strong>philosophi,</strong></span> <span class='ocrx_word' id='word_1_252' title='bbox 1015 3599 1138 3670; x_wconf 80' lang='lat' dir='ltr'><strong>sapientes</strong></span> <span class='ocrx_word' id='word_1_253' title='bbox 1147 3597 1323 3667; x_wconf 82' lang='lat' dir='ltr'><strong>dicunturaaq.</strong></span> <span class='ocrx_word' id='word_1_254' title='bbox 1331 3595 1355 3664; x_wconf 76' lang='lat' dir='ltr'>S</span> 
     </span>
     <span class='ocr_line' id='line_1_30' title="bbox 285 3671 1355 3747; baseline 0.004 -25"><span class='ocrx_word' id='word_1_255' title='bbox 285 3671 333 3722; x_wconf 84' lang='lat' dir='ltr'><strong>lius</strong></span> <span class='ocrx_word' id='word_1_256' title='bbox 347 3671 491 3724; x_wconf 77' lang='lat' dir='ltr'><strong>mutationis</strong></span> <span class='ocrx_word' id='word_1_257' title='bbox 503 3674 705 3727; x_wconf 61' lang='lat' dir='ltr'><strong>anathimatus.</strong></span> <span class='ocrx_word' id='word_1_258' title='bbox 844 3678 957 3747; x_wconf 68' lang='lat' dir='ltr'><strong>artifices</strong></span> <span class='ocrx_word' id='word_1_259' title='bbox 966 3678 1079 3729; x_wconf 78' lang='lat' dir='ltr'><strong>vivendi.</strong></span> <span class='ocrx_word' id='word_1_260' title='bbox 1090 3677 1128 3728; x_wconf 85' lang='lat' dir='ltr'><strong>lta</strong></span> <span class='ocrx_word' id='word_1_261' title='bbox 1137 3687 1222 3728; x_wconf 83' lang='lat' dir='ltr'><strong>auctor</strong></span> <span class='ocrx_word' id='word_1_262' title='bbox 1230 3675 1355 3746; x_wconf 75' lang='lat' dir='ltr'><strong>poematis</strong></span> 
     </span>
     <span class='ocr_line' id='line_1_31' title="bbox 322 3747 1354 3824; baseline 0.002 -24"><span class='ocrx_word' id='word_1_263' title='bbox 322 3769 342 3800; x_wconf 87' lang='lat' dir='ltr'><strong>t.</strong></span> <span class='ocrx_word' id='word_1_264' title='bbox 359 3747 482 3803; x_wconf 82' lang='lat' dir='ltr'><strong>Omnes...</strong></span> <span class='ocrx_word' id='word_1_265' title='bbox 499 3769 627 3804; x_wconf 82' lang='lat' dir='ltr'><strong>numeros.</strong></span> <span class='ocrx_word' id='word_1_266' title='bbox 642 3752 796 3806; x_wconf 78' lang='lat' dir='ltr'><strong>officiorum</strong></span> <span class='ocrx_word' id='word_1_267' title='bbox 845 3753 908 3806; x_wconf 89' lang='lat' dir='ltr'><strong>olim</strong></span> <span class='ocrx_word' id='word_1_268' title='bbox 928 3754 974 3806; x_wconf 80' lang='lat' dir='ltr'><strong>auh</strong></span> <span class='ocrx_word' id='word_1_269' title='bbox 994 3754 1099 3806; x_wconf 83' lang='lat' dir='ltr'><strong>nomine</strong></span> <span class='ocrx_word' id='word_1_270' title='bbox 1113 3753 1217 3818; x_wconf 71' lang='lat' dir='ltr'><strong>severi,</strong></span> <span class='ocrx_word' id='word_1_271' title='bbox 1235 3770 1304 3804; x_wconf 84' lang='lat' dir='ltr'><strong>nunc</strong></span> <span class='ocrx_word' id='word_1_272' title='bbox 1314 3771 1354 3824; x_wconf 87' lang='lat' dir='ltr'><strong>ap.</strong></span> 
     </span>
     <span class='ocr_line' id='line_1_32' title="bbox 285 3829 1355 3894; baseline 0.007 -20"><span class='ocrx_word' id='word_1_273' title='bbox 285 3835 366 3894; x_wconf 83' lang='lat' dir='ltr'><strong>partes</strong></span> <span class='ocrx_word' id='word_1_274' title='bbox 378 3836 401 3875; x_wconf 83' lang='lat' dir='ltr'><strong>at</strong></span> <span class='ocrx_word' id='word_1_275' title='bbox 413 3843 515 3877; x_wconf 82' lang='lat' dir='ltr'><strong>noscare</strong></span> <span class='ocrx_word' id='word_1_276' title='bbox 530 3838 553 3878; x_wconf 86' lang='lat' dir='ltr'><strong>et</strong></span> <span class='ocrx_word' id='word_1_277' title='bbox 567 3847 678 3880; x_wconf 76' lang='lat' dir='ltr'><strong>exercere</strong></span> <span class='ocrx_word' id='word_1_278' title='bbox 689 3846 696 3880; x_wconf 71' lang='grc' dir='ltr'><strong>ε</strong></span> <span class='ocrx_word' id='word_1_279' title='bbox 707 3848 796 3879; x_wconf 80' lang='lat' dir='ltr'><strong>nume·</strong></span> <span class='ocrx_word' id='word_1_280' title='bbox 846 3831 1013 3885; x_wconf 79' lang='lat' dir='ltr'><strong>Wernadori.</strong></span> <span class='ocrx_word' id='word_1_281' title='bbox 1030 3831 1100 3885; x_wconf 77' lang='lat' dir='ltr'><strong>Poet.</strong></span> <span class='ocrx_word' id='word_1_282' title='bbox 1119 3833 1181 3884; x_wconf 84' lang='lat' dir='ltr'><strong>min.</strong></span> <span class='ocrx_word' id='word_1_283' title='bbox 1195 3831 1237 3883; x_wconf 77' lang='lat' dir='ltr'><strong>lat.</strong></span> <span class='ocrx_word' id='word_1_284' title='bbox 1252 3829 1288 3882; x_wconf 84' lang='lat' dir='ltr'><strong>lv</strong></span> <span class='ocrx_word' id='word_1_285' title='bbox 1306 3829 1355 3882; x_wconf 83' lang='lat' dir='ltr'><strong>auh</strong></span> 
     </span>
     <span class='ocr_line' id='line_1_33' title="bbox 286 3900 1355 3977; baseline 0.007 -24"><span class='ocrx_word' id='word_1_286' title='bbox 286 3921 328 3953; x_wconf 83' lang='lat' dir='ltr'><strong>rus</strong></span> <span class='ocrx_word' id='word_1_287' title='bbox 342 3900 411 3952; x_wconf 83' lang='lat' dir='ltr'><strong>enirn</strong></span> <span class='ocrx_word' id='word_1_288' title='bbox 425 3903 523 3976; x_wconf 81' lang='lat' dir='ltr'><strong>proprie</strong></span> <span class='ocrx_word' id='word_1_289' title='bbox 538 3918 633 3976; x_wconf 80' lang='lat' dir='ltr'><strong>partem</strong></span> <span class='ocrx_word' id='word_1_290' title='bbox 644 3908 669 3974; x_wconf 89' lang='lat' dir='ltr'><strong>(a</strong></span> <span class='ocrx_word' id='word_1_291' title='bbox 680 3907 738 3973; x_wconf 67' lang='lat' dir='ltr'><strong>ripa</strong></span> <span class='ocrx_word' id='word_1_292' title='bbox 749 3906 796 3957; x_wconf 87' lang='lat' dir='ltr'><strong>tri-</strong></span> <span class='ocrx_word' id='word_1_293' title='bbox 845 3910 950 3962; x_wconf 82' lang='lat' dir='ltr'><strong>nomine</strong></span> <span class='ocrx_word' id='word_1_294' title='bbox 971 3909 1065 3963; x_wconf 81' lang='lat' dir='ltr'><strong>Lucilii</strong></span> <span class='ocrx_word' id='word_1_295' title='bbox 1082 3910 1212 3972; x_wconf 84' lang='lat' dir='ltr'><strong>Junioris,</strong></span> <span class='ocrx_word' id='word_1_296' title='bbox 1235 3907 1355 3977; x_wconf 83' lang='lat' dir='ltr'><strong>utrinque</strong></span> 
     </span>
     <span class='ocr_line' id='line_1_34' title="bbox 286 3979 1357 4060; baseline 0.007 -30"><span class='ocrx_word' id='word_1_297' title='bbox 286 3981 349 4046; x_wconf 90' lang='lat' dir='ltr'><strong>buo)</strong></span> <span class='ocrx_word' id='word_1_298' title='bbox 364 3979 474 4035; x_wconf 84' lang='lat' dir='ltr'><strong>denotat.</strong></span> <span class='ocrx_word' id='word_1_299' title='bbox 487 3982 526 4036; x_wconf 79' lang='lat' dir='ltr'><strong>Cf.</strong></span> <span class='ocrx_word' id='word_1_300' title='bbox 538 3985 641 4036; x_wconf 82' lang='lat' dir='ltr'><strong>Ernesti</strong></span> <span class='ocrx_word' id='word_1_301' title='bbox 655 3984 726 4038; x_wconf 81' lang='lat' dir='ltr'><strong>Clav.</strong></span> <span class='ocrx_word' id='word_1_302' title='bbox 741 3984 798 4042; x_wconf 86' lang='lat' dir='ltr'><strong>Cic.</strong></span> <span class='ocrx_word' id='word_1_303' title='bbox 847 4000 940 4040; x_wconf 81' lang='lat' dir='ltr'><strong>temere</strong></span> <span class='ocrx_word' id='word_1_304' title='bbox 961 3986 1097 4060; x_wconf 82' lang='lat' dir='ltr'><strong>publicati,</strong></span> <span class='ocrx_word' id='word_1_305' title='bbox 1118 4007 1180 4039; x_wconf 82' lang='lat' dir='ltr'><strong>vars.</strong></span> <span class='ocrx_word' id='word_1_306' title='bbox 1197 3984 1264 4038; x_wconf 76' lang='lat'>186:</span> <span class='ocrx_word' id='word_1_307' title='bbox 1278 3985 1357 4037; x_wconf 76' lang='lat' dir='ltr'><strong>Num</strong></span> 
     </span>
     <span class='ocr_line' id='line_1_35' title="bbox 288 4059 1357 4136; baseline 0.006 -28"><span class='ocrx_word' id='word_1_308' title='bbox 288 4059 313 4108; x_wconf 86' lang='lat' dir='ltr'><strong>lr.</strong></span> <span class='ocrx_word' id='word_1_309' title='bbox 326 4059 497 4112; x_wconf 68' lang='lat' dir='ltr'><strong>rocellultl.</strong></span> <span class='ocrx_word' id='word_1_310' title='bbox 583 4089 587 4094; x_wconf 96' lang='lat'>·</span> <span class='ocrx_word' id='word_1_311' title='bbox 846 4067 1053 4136; x_wconf 74' lang='lat' dir='ltr'><strong>opusArttficem</strong></span> <span class='ocrx_word' id='word_1_312' title='bbox 1061 4067 1179 4128; x_wconf 77' lang='lat' dir='ltr'><strong>incendit,</strong></span> <span class='ocrx_word' id='word_1_313' title='bbox 1187 4063 1357 4116; x_wconf 76' lang='lat' dir='ltr'><strong>ubiWerns-</strong></span> 
     </span>
     <span class='ocr_line' id='line_1_36' title="bbox 321 4137 1354 4214; baseline 0.003 -27"><span class='ocrx_word' id='word_1_314' title='bbox 321 4137 383 4188; x_wconf 71' lang='lat' dir='ltr'><strong>mEt</strong></span> <span class='ocrx_word' id='word_1_315' title='bbox 389 4143 534 4206; x_wconf 76' lang='lat' dir='ltr'><strong>proeceptis,</strong></span> <span class='ocrx_word' id='word_1_316' title='bbox 546 4161 572 4192; x_wconf 84' lang='lat' dir='ltr'><strong>a.</strong></span> <span class='ocrx_word' id='word_1_317' title='bbox 582 4159 601 4192; x_wconf 83' lang='grc' dir='ltr'><strong>ι.</strong></span> <span class='ocrx_word' id='word_1_318' title='bbox 614 4141 647 4191; x_wconf 82' lang='lat' dir='ltr'><strong>A.</strong></span> <span class='ocrx_word' id='word_1_319' title='bbox 660 4141 795 4214; x_wconf 81' lang='lat' dir='ltr'><strong>Per-peram</strong></span> <span class='ocrx_word' id='word_1_320' title='bbox 846 4143 911 4195; x_wconf 77' lang='lat' dir='ltr'><strong>dors.</strong></span> <span class='ocrx_word' id='word_1_321' title='bbox 918 4156 984 4194; x_wconf 81' lang='lat' dir='ltr'><strong>recte</strong></span> <span class='ocrx_word' id='word_1_322' title='bbox 993 4143 1111 4214; x_wconf 78' lang='lat' dir='ltr'><strong>explicat,</strong></span> <span class='ocrx_word' id='word_1_323' title='bbox 1121 4140 1307 4214; x_wconf 78' lang='lat' dir='ltr'><strong>philosophum.</strong></span> <span class='ocrx_word' id='word_1_324' title='bbox 1317 4139 1354 4191; x_wconf 79' lang='lat' dir='ltr'><strong>R.</strong></span> 
     </span>
     <span class='ocr_line' id='line_1_37' title="bbox 286 4214 1356 4287; baseline 0.007 -25"><span class='ocrx_word' id='word_1_325' title='bbox 286 4233 321 4264; x_wconf 82' lang='lat' dir='ltr'><strong>ex</strong></span> <span class='ocrx_word' id='word_1_326' title='bbox 332 4214 500 4268; x_wconf 63' lang='lat' dir='ltr'><strong>decretumst.</strong></span> <span class='ocrx_word' id='word_1_327' title='bbox 509 4215 794 4272; x_wconf 52' lang='lat' dir='ltr'><strong>ultuma-{tutta</strong></span> <span class='ocrx_word' id='word_1_328' title='bbox 879 4220 904 4283; x_wconf 74' lang='grc'><strong>4.</strong></span> <span class='ocrx_word' id='word_1_329' title='bbox 916 4219 987 4287; x_wconf 56' lang='lat' dir='ltr'><strong>Ergo</strong></span> <span class='ocrx_word' id='word_1_330' title='bbox 998 4224 1025 4273; x_wconf 84' lang='lat' dir='ltr'><strong>in</strong></span> <span class='ocrx_word' id='word_1_331' title='bbox 1037 4219 1083 4273; x_wconf 75' lang='lat' dir='ltr'><strong>boc</strong></span> <span class='ocrx_word' id='word_1_332' title='bbox 1095 4222 1103 4283; x_wconf 90' lang='lat'>(</span> <span class='ocrx_word' id='word_1_333' title='bbox 1115 4220 1132 4272; x_wconf 85' lang='lat' dir='ltr'><strong>i.</strong></span> <span class='ocrx_word' id='word_1_334' title='bbox 1143 4241 1165 4274; x_wconf 81' lang='lat' dir='ltr'><strong>c.</strong></span> <span class='ocrx_word' id='word_1_335' title='bbox 1178 4220 1211 4271; x_wconf 91' lang='lat' dir='ltr'><strong>ad</strong></span> <span class='ocrx_word' id='word_1_336' title='bbox 1223 4217 1287 4280; x_wconf 81' lang='lat' dir='ltr'><strong>hoc,</strong></span> <span class='ocrx_word' id='word_1_337' title='bbox 1299 4217 1356 4274; x_wconf 78' lang='lat' dir='ltr'><strong>scil.</strong></span> 
     </span>
    </p>
   </div>
   <div class='ocr_carea' id='block_1_4' title="bbox 0 0 1489 4934">
    <p class='ocr_par' dir='ltr' id='par_1_5' title="bbox 0 0 1489 4934">
     <span class='ocr_line' id='line_1_38' title="bbox 0 0 1489 4934; baseline 0 0"><span class='ocrx_word' id='word_1_338' title='bbox 0 0 1489 4934; x_wconf 95' lang='lat' dir='ltr'><strong> </strong></span> 
     </span>
    </p>
   </div>
  </div>
 </body>
</html>
