2950 4934
220 520 225 530 „
321 431 387 520 144
606 429 649 500 u.
675 429 857 500 susm
879 430 1103 503 sarraca

277 583 292 636 ⁵
317 565 413 650 luto,
438 562 676 648 mehercules,
699 579 740 632 ut
760 567 923 632 carmen¹
947 564 1069 634 fortius
1091 590 1133 636 ac
1146 568 1276 661 justius
1296 591 1400 662 repe-

315 697 385 750 tam
393 684 422 768 ²,
441 703 511 774 quo
523 680 674 749 animum
689 696 786 752 tuum
800 681 910 774 magis
929 679 1073 767 fulcias,
1090 682 1156 752 hoc
1170 681 1296 770 dicito,
1314 708 1402 778 quo·

317 798 383 866 ties
403 794 537 888 aliquid
560 795 674 881 aliter,
701 819 803 889 quam
824 796 1016 890 cogitabas,
1035 801 1188 867 evenerit
1212 825 1221 868 a
1245 800 1304 868 Dii
1329 823 1401 868 me·

316 915 383 982 lius
392 907 419 982 ³.
433 913 490 982 Sic
499 914 685 1006 composito
697 911 788 981 nihil
799 911 944 982 accidet.
960 912 1018 982 Sic
1030 928 1143 984 sutem
1157 930 1396 1010 componetur,
1464 924 1465 991 Τ

317 1031 369 1118 si,
392 1028 477 1123 quid
496 1029 720 1098 humanarum
736 1052 852 1098 rerum
866 1030 1012 1098 varietas
1024 1033 1152 1124 possit,
1168 1033 1396 1126 cogitaverit,

315 1161 497 1239 antequam
515 1145 683 1230 senserit,
709 1145 736 1213 si
762 1161 797 1212 et
823 1144 973 1229 liberos,
997 1160 1032 1213 et
1055 1147 1262 1242 conjugem,
1284 1164 1392 1240 atque

315 1263 555 1355 patrimonium
576 1262 626 1330 sic
643 1259 822 1345 habuerit,
846 1277 1007 1354 tanquam
1025 1285 1095 1331 non
1115 1264 1396 1356 utiquesemper

315 1377 496 1448 habiturus
507 1401 522 1462 ·,
547 1394 581 1446 et
599 1395 758 1471 tanquam
772 1401 842 1447 non
858 1378 992 1446 futurus
1013 1378 1058 1446 ob
1072 1375 1139 1447 hoc
1155 1379 1339 1463 miserior,
1364 1382 1394 1447 si

274 1492 292 1545 ⁶
317 1495 445 1565 habere
462 1496 613 1564 desierit.
631 1496 854 1566 Calamitosus
868 1511 920 1564 est
933 1497 1067 1564 animus
1080 1496 1187 1564 futuri
1201 1497 1341 1581 anxius,
1358 1515 1394 1591 et

315 1629 396 1683 ante
408 1612 560 1682 miserias
579 1612 702 1699 miser,
726 1614 787 1704 qui
800 1611 966 1681 sollicitus
978 1628 1049 1697 est,
1065 1627 1104 1680 ut
1117 1635 1179 1697 ea,
1196 1610 1321 1705 quibus
1335 1611 1397 1681 de-

316 1727 479 1808 lectatur,
500 1723 545 1794 ad
565 1741 752 1795 extremum
777 1750 887 1818 usque
909 1741 1145 1822 permaneant.
1171 1726 1275 1796 Nullo
1299 1727 1393 1795 enini

316 1859 468 1936 tempore
491 1844 712 1934 conquiescet
726 1870 736 1929 ς
758 1857 793 1910 et
805 1844 1056 1935 exspectatione
1069 1843 1206 1911 venturi
1218 1838 1233 1887 ⁴
1246 1865 1395 1934 praesen·

313 1961 384 2047 tia,
408 1958 532 2053 quibus
562 1959 630 2028 frui
654 1974 813 2052 poterat,
842 1961 986 2029 amittet.
1014 1961 1056 2028 In
1080 1982 1182 2058 aequo¹
1201 1973 1253 2027 est
1276 1972 1391 2027 autern

312 2079 448 2146 amissio
468 2078 521 2144 rei
532 2126 544 2163 ,
569 2092 604 2145 et
626 2079 730 2145 timor
748 2076 955 2147 amittendae.

275 2220 289 2272 7
362 2197 434 2263 Nec
456 2190 533 2260 ideo
556 2193 719 2286 praecipio
744 2193 807 2260 tibi
830 2193 1089 2289 negligentiam.
1105 2193 1162 2262 Tu
1178 2185 1288 2263 vero⁵
1313 2216 1390 2262 me·

313 2308 440 2378 tuenda
458 2307 614 2396 declina,
637 2307 807 2401 quidquid
821 2311 964 2378 consilio
977 2310 1126 2404 prospici
1148 2323 1282 2404 potest,
1305 2332 1391 2402 pro-

312 2428 430 2520 spice,
460 2423 698 2520 quodcumque
728 2426 887 2525 laesurum
913 2432 992 2512 est,
1024 2425 1131 2495 multo
1153 2442 1234 2494 ante
1245 2475 1257 2510 ,
1284 2449 1390 2517 quam
1427 2424 1435 2443 ⁴

311 2541 462 2625 accidat,
482 2541 659 2634 speculare
684 2556 718 2608 et
742 2531 897 2609 averte⁶.
926 2542 968 2609 In
993 2541 1059 2610 hoc
1081 2542 1191 2634 ipsum
1204 2540 1391 2632 tibipluri·

311 2683 402 2728 mum
413 2657 566 2727 conferet
576 2655 720 2741 fiducia,
733 2653 821 2725 etad
831 2655 1045 2725 tolerandum
1056 2656 1195 2724 omuino
1207 2654 1388 2724 obfirmata

311 2799 419 2845 mens.
436 2778 549 2844 Potest
564 2775 732 2844 fortunam
746 2797 868 2843 carere
883 2823 893 2856 ,
908 2775 969 2867 qui
983 2788 1094 2867 potest
1108 2773 1198 2840 ferre
1213 2801 1223 2858 ς
1240 2786 1334 2841 certe
1348 2773 1386 2841 in

227 2883 231 2892 ’
309 2891 495 2984 tranquillo
513 2915 581 2961 non
600 2891 825 2961 tumultuatur
836 2893 863 2958 ⁷.
882 2890 978 2960 Nihil
994 2905 1047 2958 est
1064 2912 1129 2958 nec
1147 2891 1306 2958 miserius
1319 2911 1387 2957 uec

308 3109 428 3164 convenit
443 3109 492 3164 boc
506 3108 580 3165 stoici
591 3107 710 3184 sapientis
725 3108 819 3161 dictum
869 3127 1018 3182 responsum
1040 3126 1079 3182 sp.
1097 3107 1198 3161 Platon.
1210 3105 1270 3159 vot.
1287 3105 1341 3167 Vt,
1359 3126 1384 3178 p.

308 3189 376 3242 inter
403 3189 506 3242 adrem
537 3190 667 3253 fortune,
694 3205 753 3238 curn
772 3187 820 3240 isto
872 3190 917 3239 150
928 3185 1053 3259 tipum
1063 3183 1089 3237 ln.
1100 3183 1118 3237 l.
1130 3196 1155 3236 et
1164 3181 1384 3255 numquamn-

309 3263 512 3318 Christianorum
519 3262 643 3318 voto:fist
651 3262 822 3317 voluntastual
868 3284 923 3318 son.
936 3265 968 3318 de
981 3264 1099 3318 formulis
1118 3276 1164 3317 etc.
1182 3263 1301 3338 collegit,
1317 3282 1385 3337 snp-

343 3362 365 3396 r.
376 3343 496 3397 Carmen.
505 3343 527 3394 1.
540 3343 685 3396 formulam.
697 3341 789 3396 Ruta.
869 3342 937 3415 plens
945 3359 953 3394 t
962 3342 1074 3407 dabunt,
1088 3362 1118 3395 eo
1130 3361 1220 3408 unsa,
1233 3362 1286 3413 qno
1297 3343 1384 3396 lton-

341 3441 365 3474 α.
384 3419 521 3488 Repetam.
545 3419 588 3474 Sic
606 3420 669 3473 olim
689 3419 729 3474 etl.
752 3422 820 3473 Vsu.
868 3419 919 3473 tius
929 3418 1015 3473 carm.
1028 3421 1069 3487 ll,
1082 3439 1126 3483 to,
1139 3439 1167 3491 ¹7
1179 3420 1311 3488 cecinitza
1320 3421 1383 3474 Non

308 3497 352 3552 Er.
369 3510 393 3551 st
404 3499 474 3552 Mur·
491 3517 625 3568 rursusque
641 3518 721 3570 nuper
733 3497 818 3552 lluhk.
867 3498 890 3552 si
902 3497 968 3552 male
980 3519 1065 3566 nunc,
1080 3511 1107 3552 et
1119 3499 1182 3552 olim
1192 3499 1228 3553 sie
1239 3477 1317 3553 scil?-
1330 3500 1367 3552 Il.

306 3575 564 3630 Sedrrctiusfnrtasse
573 3575 819 3646 lueritpetamqnod
900 3577 1135 3646 4.E:rspsstntione
1145 3581 1250 3632 ventura·
1263 3597 1311 3630 ms.
1320 3591 1382 3677 ἶφι

307 3653 432 3708 habeted.
445 3653 511 3728 Lips.
524 3653 606 3706 Gron.
620 3666 644 3706 et
677 3654 781 3727 ipsum
790 3673 818 3706 a.
867 3656 1156 3730 ed.A.Vulgosutnri.
1169 3655 1251 3709 Scte.
1349 3660 1351 3665 '

305 3751 327 3786 c·
340 3733 376 3786 ll·
390 3735 423 3786 Α.
437 3731 511 3786 Plue-
524 3744 550 3786 el
561 3653 733 3942 G*
900 3738 923 3789 5.
937 3735 979 3788 Tu
987 3755 1056 3790 arm.
1069 3737 1202 3809 Perperarn
1219 3735 1299 3810 vulgo
1314 3741 1381 3809 puin

340 3809 599 3884 3.Dis'meliusprovi
731 3829 818 3864 ormn-
867 3833 935 3869 vero.
948 3814 1030 3869 δώῃ.

267 3939 270 3946 ,
306 3888 595 3962 lam-utsmtoquenti,
697 3891 818 3942 tamaius
899 3894 1379 3968 &Avensl’erpersmndverlevulgo

306 3973 397 4030 duint,
407 3969 460 4022 Die·
468 3970 688 4042 mliomsemnt,
698 3968 816 4021 Dir'me-
866 3971 991 4026 scribitur·
1004 3971 1085 4027 δῶν.

305 4053 388 4115 liam,
407 4050 515 4112 melius,
532 4047 681 4120 plerumque
694 4045 816 4118 explicare
898 4071 922 4115 7.
935 4053 1010 4105 cem
1020 4054 1049 4103 ίη
1059 4053 1201 4120 tranquillo
1209 4069 1262 4104 m
1272 4055 1380 4103 ωηι-

305 4127 366 4179 licst
379 4146 423 4198 per
439 4143 446 4178 ε
461 4127 575 4196 εὐφῆμι,
594 4124 664 4176 velut
676 4123 768 4178 Cicero
782 4125 814 4178 de
865 4139 963 4182 turtur.
978 4127 1377 4200 interne,qoidq1iidaecidst‚

306 4201 814 4275 senocto.14,interprstatarSophoclis
864 4205 1376 4405 stanimmunQuitlmorpttrm
