2950 4934
319 509 384 554 ,ω
594 428 645 553 e.
671 485 847 568 suum
869 483 1086 556 sericeis

318 632 355 686 et
371 615 547 711 egregium
563 639 698 686 sensum
714 615 926 686 adstrinxere
945 619 1029 687 certi
1046 614 1171 712 pedes,
1193 615 1314 684 endem
1329 615 1389 683 illu

320 735 503 816 sententia,
523 733 617 802 velut
633 719 760 804 lacerto
780 759 936 817 excussa,
957 751 1146 828 torquetur.
1166 735 1219 803 De
1236 747 1388 802 contem·

320 865 384 945 ptu
406 850 560 943 pecuniae
578 850 685 918 multa
701 849 888 933 dicuntur,
908 867 942 920 et
958 849 1389 946 longissimisorutionibus

321 968 389 1036 hoc
408 967 625 1060 precipitur,
643 982 683 1034 ut
699 968 853 1036 homines
873 969 911 1036 in
932 971 1063 1051 animo,
1084 990 1154 1037 non
1170 969 1208 1034 in
1224 967 1389 1060 putrimo-

322 1084 408 1169 nio,
434 1097 554 1177 putent
584 1105 657 1151 esse
683 1081 843 1167 divitius3
872 1107 950 1150 enm
974 1106 1047 1152 esse
1069 1081 1294 1175 locupletem,
1323 1081 1385 1172 qui

322 1200 513 1292 paupertati
540 1222 608 1266 suoe
629 1213 763 1292 aptatus
787 1203 873 1281 θεῖ’,
902 1214 937 1267 et
957 1221 1062 1292 parvo
1088 1195 1385 1266 sedicitcmfecit.

322 1315 435 1408 Magis
456 1329 569 1382 tumen
590 1314 761 1382 feriuntur
781 1315 907 1398 animi,
930 1339 1034 1406 quum
1058 1316 1209 1384 carmine
1225 1310 1391 1404 ejusmodi
1462 1337 1463 1344 ¹

326 1427 537 1498 dictasunt:

489 1571 514 1622 ls
522 1569 630 1624 minimo
642 1581 699 1642 eget
712 1570 841 1638 morulis,
851 1557 897 1642 uui
908 1572 1044 1624 minimum
1056 1569 1131 1644 cupit.

489 1653 567 1723 Quod
578 1653 648 1722 solt,
660 1655 751 1724 bsbet,
764 1654 809 1726 qui
821 1656 887 1709 velle
898 1695 906 1724 ‚
919 1657 989 1728 qnod
999 1655 1057 1710 setis
1068 1668 1121 1720 est,
1134 1665 1212 1728 potest
1219 1656 1238 1706 ².
1279 1639 1289 1658 ⁰

270 1801 301 1834 ιι
322 1773 444 1867 Quum
468 1773 542 1844 hoec
566 1792 669 1869 atque
694 1774 860 1868 ejusmodi
880 1776 1054 1859 audimus,
1080 1775 1124 1844 nd
1146 1773 1390 1844 confessionem

326 1893 478 1961 veriutis
495 1892 708 1962 adducimur.
726 1891 785 1960 llli
805 1895 920 1976 enim,
939 1894 1072 1986 quibus
1095 1891 1182 1960 nihil
1209 1890 1290 1958 sutis
1316 1903 1387 1968 est,

326 2009 555 2091 admiruntur,
573 2009 778 2094 acclamant,
800 2009 914 2079 odium
931 2011 1084 2104 pecuniae
1103 2008 1271 2077 indicunt.
1292 2008 1392 2073 Hunc

327 2122 462 2190 illorum
481 2122 639 2192 allectum
658 2146 762 2214 quum
780 2122 924 2210 videris,
946 2147 1051 2218 urge,
1074 2123 1143 2192 hoo
1162 2143 1302 2216 preme,
1327 2118 1392 2185 boc

329 2262 453 2324 onero,
476 2240 603 2308 relictis
624 2239 922 2334 ambiguitatibus,
947 2259 981 2310 et
997 2241 1220 2334 syllogismis,
1239 2253 1274 2305 et
1291 2235 1394 2304 onvil-

330 2355 530 2438 lutionibus‚
548 2373 582 2424 et
594 2357 725 2426 caeteris
737 2357 903 2426 acuminis
917 2359 1006 2426 irriti
1020 2355 1172 2424 ludicris.
1189 2355 1254 2422 Dio
1271 2355 1308 2421 in
1319 2374 1395 2419 sva-

329 2473 462 2556 ritinm‚
480 2473 537 2542 dio
552 2475 588 2542 in
603 2474 770 2542 luxurium
789 2499 917 2568 :quum
939 2473 1123 2568 proiecisse
1143 2489 1176 2540 te
1189 2469 1340 2554 rideris,
1361 2483 1395 2535 et

276 2593 306 2645 ¹³
329 2592 459 2660 animos
474 2589 684 2660 audientium
701 2590 872 2677 effeceris,
894 2593 981 2660 instn
1001 2589 1248 2658 vehementius.
1268 2587 1396 2654 Verisi-

291 2800 296 2806 .
329 2698 428 2775 mile³
454 2731 524 2774 non
545 2721 615 2792 est,
635 2722 798 2801 quantum
815 2707 973 2802 proficiat
992 2707 1068 2775 talis
1089 2706 1217 2788 oratio,
1244 2703 1395 2771 remedio

328 2817 497 2905 inteutn⁴‚
517 2839 552 2890 et
567 2839 637 2890 tota
659 2826 697 2892 in
714 2824 840 2893 bonum
858 2823 1068 2894 audientium
1088 2845 1198 2890 versu.
1220 2818 1395 2888 Facillime

330 2936 421 3003 enim
447 2951 565 3003 tenera
594 2937 820 3006 conciliantur
841 2939 980 3032 ingenia
1008 2937 1052 3005 nd
1079 2935 1213 3004 honesti
1242 2931 1396 3022 rectique

328 3076 479 3122 umorem
493 3079 501 3119 ι
515 3069 550 3122 et
566 3053 680 3121 adhuc
701 3052 867 3123 docilibus
889 3055 1077 3146 leviterque
1101 3053 1269 3145 corruptis
1286 3049 1397 3142 injicit

331 3191 466 3237 manum
482 3170 638 3265 Veritus,
660 3170 688 3237 si
705 3169 904 3240 advocatum
918 3170 1076 3239 idoneum
1094 3187 1192 3238 nacta
1205 3181 1255 3236 cst
1267 3161 1294 3238 ⁵.

332 3415 381 3449 nm
392 3397 528 3450 novissime
541 3399 666 3470 potentior
677 3397 840 3451 ellunditure
890 3397 990 3450 Curtius
1001 3398 1049 3458 lV,
1062 3416 1085 3460 1,
1098 3397 1128 3447 25
1140 3393 1184 3447 ubi
1195 3391 1309 3445 llsderus
1320 3389 1399 3443 nostri

332 3476 406 3543 tube,
421 3475 450 3529 in
466 3477 537 3548 cnjus
547 3479 627 3550 longo
635 3479 718 3532 cunali
728 3477 764 3530 its
774 3497 842 3529 con·
888 3475 939 3527 loci
950 3473 1074 3527 meminit.
1086 3473 1175 3525 Ruth.

332 3554 467 3619 tinebstur,
479 3556 516 3608 uti
535 3575 620 3609 sensus
639 3557 718 3609 nostri
735 3555 842 3629 pedibus
922 3554 944 3607 3.
959 3554 1108 3607 Verisimile
1119 3571 1171 3604 nors
1184 3561 1230 3604 est.
1244 3549 1345 3603 Mirum
1358 3559 1399 3600 est.

333 3633 523 3704 adstringuntur
532 3634 651 3688 metricis.
662 3633 752 3687 Ruit.
890 3632 979 3685 fluit.

370 3729 390 3761 s.
401 3711 518 3779 Aptatrss
532 3719 578 3763 est.
595 3709 802 3783 silcestriae.
817 3723 841 3762 et
923 3712 948 3775 4.
966 3709 1090 3762 Remedio
1110 3709 1216 3758 intento.
1237 3703 1303 3772 Qnss
1320 3701 1401 3754 tendit

334 3799 433 3861 praem
441 3788 519 3841 editio
527 3799 622 3840 vetusta
628 3785 728 3851 ,firma
736 3789 841 3843 Senecio
890 3789 922 3841 sd
938 3788 982 3855 id,
1000 3797 1028 3838 ut
1039 3783 1187 3839 ,remedium
1199 3783 1288 3834 sileret
1305 3779 1400 3832 morbis

333 3886 401 3919 usus.
420 3866 474 3919 Alii
491 3867 612 3932 oblatus,
632 3876 737 3934 optatus
750 3885 758 3918 .·
771 3865 841 3937 vulg.
890 3867 983 3930 enimi,
997 3882 1054 3934 quse
1063 3863 1128 3916 nibil
1139 3861 1209 3914 sliud
1218 3859 1400 3920 enrstnisisu-

334 3957 422 4014 wltu-
431 3944 676 4013 studit-*Apim
684 3943 775 3997 etl-Ad
786 3962 841 3996 eom
892 3949 987 4001 dientes
999 3955 1129 4006 sanentur,
1141 3939 1308 4009 melioresque
1322 3935 1398 3998 liant,

335 4043 362 4076 se
377 4024 553 4076 accommodet
569 4041 576 4076 :
594 4043 648 4076 oon
657 4023 723 4076 ultra
733 4024 841 4077 modum
890 4042 978 4098 purum
991 4019 1141 4074 sollicitudo
1154 4016 1289 4070 verborum
1300 4027 1400 4068 senten·

336 4102 451 4172 viresque
462 4106 514 4172 eins
526 4102 594 4175 cupit
606 4102 743 4155 sutsnmit.
755 4100 829 4170 lips.
891 4103 1032 4170 tisrurnque
1045 4109 1172 4172 eppsrstu.
1339 4122 1342 4126 ·

371 4203 393 4232 ι.
406 4181 503 4234 Potest.
514 4181 599 4233 litium
616 4180 645 4234 bi
659 4199 746 4234 versus
759 4180 844 4234 Publii
926 4181 950 4231 5.
969 4179 1064 4231 Noctu.
1084 4177 1132 4230 tos.
1154 4195 1180 4231 a.
1196 4187 1224 4228 ut
1244 4173 1306 4229 alibi
1329 4171 1400 4225 babet

337 4256 397 4330 Syri
405 4270 471 4312 sunt.
478 4257 579 4313 Similis
589 4258 761 4329 Abdolcnymi
769 4257 846 4311 habet
893 4265 995 4310 macta.
1005 4251 1087 4309 Sese
