2950 4934
406 692 628 867 JUSTi
665 691 910 797 LIPSll

187 989 1130 1161 PHYSIOLOGIAE

418 1369 422 1394 ¹
477 1353 843 1443 STOICORUM

538 1637 619 1675 URBE
640 1638 771 1675 TERTIUS.

575 1880 759 1905 maon-v·

406 2236 722 2299 nrssultrtrlo
753 2240 915 2300 PRIMA.

127 2415 302 2477 verounum
325 2424 355 2474 et
375 2415 523 2491 airgmuu.
546 2412 592 2473 De
609 2415 836 2494 occuputr‘om'bus
858 2416 988 2497 eliisei&
1012 2427 1040 2477 rt
1060 2417 1134 2481 inter
1149 2441 1199 2481 rus

471 2540 577 2603 quoque
583 2521 851 2601 philosophandum.

116 2676 120 2682 ·
166 2720 243 2779 Auo.
261 2718 305 2777 Mi
327 2716 437 2791 doctor,
452 2716 540 2776 salve.
560 2714 641 2775 Inrs.
656 2714 722 2774 Tibi
742 2714 836 2789 idem;
858 2716 930 2799 quid
950 2730 1010 2779 tarn
1030 2721 1137 2781 mane?
1151 2722 1200 2782 Sol

122 2828 233 2885 lineam
246 2836 377 2905 quartam
391 2824 442 2883 vix
455 2824 557 2904 tangit.
575 2823 650 2881 Aoo.
665 2822 702 2881 At
718 2832 768 2881 tua
782 2818 902 2885 monitio
916 2824 978 2885 heri
996 2828 1149 2902 excitarit,
1172 2842 1202 2889 et

123 2930 184 2991 hue
206 2931 293 2991 misit.
317 2928 527 2989 Meministin’?
551 2926 649 2987 aiebas
667 2926 810 3008 Tempore
842 2929 983 2991 utendum
1005 2955 1013 2990 r
1034 2930 1092 2993 lubi
1120 2934 1152 2993 id
1171 2947 1200 2995 et
1306 2990 1310 2995 .

124 3035 236 3106 fluere;
251 3058 306 3095 uec
320 3034 363 3097 ias
376 3036 490 3117 lapsum
503 3056 632 3115 unquam
647 3055 792 3117 revocare.
811 3034 901 3097 Pareo
915 3038 1012 3119 igitur,
1026 3042 1108 3099 etuti
1127 3039 1201 3099 frui-

123 3164 184 3224 que
197 3142 331 3217 meditor,
357 3154 386 3201 et
401 3144 522 3223 primam
537 3162 680 3223 quumque
695 3140 797 3201 horam
814 3140 899 3202 Boore
914 3142 1006 3203 Menti
1020 3167 1197 3208 consecrare.

123 3249 203 3325 Quid
212 3251 271 3311 seio
284 3272 321 3309 an
332 3270 394 3309 cras
405 3292 414 3323 ‚
426 3272 464 3308 an
477 3272 495 3309 u
508 3247 627 3309 meridie
643 3246 759 3307 licebit?
773 3248 869 3323 Quum
878 3252 1014 3332 temporis
1023 3252 1073 3313 illu
1087 3254 1199 3314 reloci-

123 3370 170 3417 ω
190 3357 286 3416 animo
300 3356 476 3429 obversam,
489 3377 578 3436 quum
592 3354 699 3415 incerto
709 3352 769 3413 brec
780 3366 809 3415 et
819 3356 954 3417 insidiosa
963 3360 1134 3435 mortalitas,
1147 3384 1198 3423 cnr

123 3486 185 3523 uon
194 3462 461 3544 properemiquem
469 3461 556 3522 futuri
565 3462 701 3542 temporis
710 3462 834 3543 praedem
845 3466 974 3547 accipio?
987 3494 1001 3521 c
1012 3468 1088 3529 Dum
1099 3468 1199 3531 differ-

123 3584 174 3633 tur
187 3571 263 3643 vita,
278 3569 481 3629 transcurrit.»
496 3567 583 3650 (Seu.
601 3566 695 3649 Epist.
711 3567 754 3651 1.)
769 3568 848 3631 era.
865 3569 987 3647 Ovem,
1005 3574 1075 3657 quid
1087 3587 1197 3649 autem,

115 3676 197 3738 ‚dum
215 3677 336 3757 eripitur
349 3677 408 3736 vita
419 3718 428 3750 ,
440 3698 478 3735 an
488 3696 547 3735 uon
560 3675 749 3738 transcurrit?
760 3675 823 3737 Hoc
835 3678 916 3737 nobis
928 3679 976 3753 tit,
992 3701 1064 3761 quos
1074 3678 1175 3739 littere
1187 3722 1196 3755 ,

125 3805 294 3857 sermones,
310 3782 371 3842 aliae
392 3804 467 3843 curu
480 3782 670 3842 relectiones
689 3781 804 3843 assidue
818 3796 959 3865 occupant
980 3807 988 3843 r
1006 3796 1035 3845 et
1048 3786 1098 3845 vix
1117 3786 1199 3845 seriis

126 3904 241 3973 tempus
255 3890 402 3964 estuare,
418 3891 474 3949 nisi
497 3888 575 3971 quod
598 3889 770 3969 relinquitur
791 3891 821 3949 iu
840 3891 1005 3952 subsecivis.
1031 3891 1200 3953 «Omnium

126 4011 349 4080 occupatorum,
371 4000 413 4059 ait
426 3998 550 4059 Auuaeus
563 3995 629 4079 (De
643 3995 751 4057 Brevit.
771 3996 833 4058 vir.
851 4020 915 4080 cap.
939 3997 1016 4083 19),
1032 3972 1136 4061 misero
1158 4014 1201 4061 est

126 4105 271 4177 conditio3
296 4126 396 4167 eorum
418 4116 513 4165 temen
537 4104 715 4177 miserrimo,
739 4104 789 4185 qui
807 4126 861 4165 nec
882 4106 941 4165 suis
966 4107 1200 4187 occupationibus

126 4212 267 4274 laborant.
285 4211 407 4275 »Credo
421 4234 488 4274 euru
500 4210 538 4273 de
548 4232 595 4273 me
609 4211 775 4291 scripsisse,
790 4212 883 4271 autin
897 4233 944 4272 me
954 4224 1031 4275 certe
1041 4214 1199 4296 competit:
