2950 4934
305 445 373 514 no
608 439 1086 540 monumentorum

304 575 462 656 ordino¹,
483 576 695 642 continentes
723 589 826 641 totam
852 572 1015 642 Moralem
1042 571 1270 670 Philosophiae
1290 599 1374 671 par·

302 708 372 759 tem
389 691 502 758 statim
519 689 707 786 expediam.
725 687 816 759 Illud
833 703 946 757 tsmen
959 691 1056 782 prius
1070 688 1237 777 scribam,
1251 715 1376 784 quem-

301 803 482 875 admodum
505 805 568 873 tibi
596 807 660 874 ists
684 803 852 899 cupiditas
878 801 1051 886 discendi,
1075 829 1143 896 quo
1164 804 1311 900 flagrare
1339 823 1374 874 te

261 921 420 1007 svideo,
445 920 625 1015 dirigenda
650 923 711 1008 sit,
734 945 782 1000 ne
805 922 878 1014 ipss
903 943 938 989 se
963 920 1136 1014 impediat.
1159 925 1230 991 Nee
1246 925 1374 1016 passim

301 1037 472 1131 carpende
485 1054 582 1125 sunt,
595 1062 660 1107 nec
671 1037 770 1106 avide
783 1035 972 1106 invadenda
983 1038 1142 1106 universa
1161 1063 1168 1104 :
1184 1063 1246 1132 per
1258 1053 1375 1132 partes

301 1155 500 1245 pervenitur
520 1152 565 1221 sd
586 1167 705 1221 totum.
731 1152 851 1246 Aptari
874 1174 960 1218 onus
982 1150 1113 1244 uiribus
1135 1150 1281 1240 debet²;
1308 1177 1374 1221 nec

301 1268 378 1360 plus
389 1270 569 1362 occupari,
587 1292 686 1366 quam
702 1269 759 1336 cui
774 1267 931 1336 sufficere
944 1261 1141 1361 possimus³.
1158 1271 1250 1350 Non,
1266 1293 1374 1361 qusn-

301 1400 373 1451 tum
397 1385 469 1469 sis,
497 1381 557 1452 sed
575 1398 738 1474 quantum
767 1383 876 1476 capis,
900 1380 1128 1459 hauriendum
1152 1399 1214 1452 cst.
1242 1387 1374 1452 bonum

301 1515 430 1570 tsntum
445 1501 534 1568 habe
549 1502 699 1568 animum
710 1527 720 1588 3
732 1501 867 1592 capies,
885 1495 1186 1590 quantumvolesl.
1204 1499 1284 1592 Quo
1297 1498 1375 1595 plus

260 1628 276 1685 3
301 1619 427 1712 recipit
439 1619 589 1700 animus,
606 1617 673 1686 boc
689 1641 726 1686 se
745 1617 851 1710 magis
861 1615 960 1692 lsxst.
978 1619 1058 1684 Haec
1072 1616 1171 1686 nobis
1185 1619 1373 1711 praecipere

301 1727 478 1802 Attalum⁵
496 1734 654 1814 memini,
676 1756 782 1823 quum
807 1731 955 1801 scholam
975 1733 1049 1824 ejus
1066 1731 1320 1815 obsideremus,
1340 1750 1375 1802 et

301 1849 404 1941 primi
427 1849 641 1932 veniremus,
673 1861 708 1914 et
735 1847 909 1914 novissimi
932 1847 1123 1932 exiremus,
1144 1846 1373 1915 ambulantem

302 1987 439 2056 quoque
458 1965 553 2032 illum
569 1961 615 2032 sd
631 1963 763 2055 aliquos
781 1962 1025 2057 disputationes
1045 1985 1280 2046 evocaremus,
1304 1987 1374 2032 non

302 2097 433 2149 tantum
459 2097 614 2174 paratum
636 2079 864 2164 discentibus,
890 2077 949 2147 sed
974 2078 1123 2146 obvium.
1150 2079 1294 2162 uidem,
1318 2081 1374 2148 in-

302 2199 397 2288 quit,
418 2214 452 2264 et
468 2195 623 2278 docenti,
645 2213 679 2264 et
696 2196 840 2264 discenti
860 2195 963 2264 debet
982 2219 1056 2264 esse
1075 2197 1283 2289 propositum
1309 2223 1317 2264 :
1337 2212 1375 2264 ut

302 2311 362 2379 ille
378 2309 541 2404 prodesse
556 2311 655 2390 velit,
672 2310 731 2379 bic
746 2310 949 2404 proficere.»
967 2309 1037 2402 Qui
1051 2308 1095 2377 sd
1109 2305 1375 2401 ⁶Pbilosopbum

300 2425 415 2507 venit,
437 2422 590 2516 quotidie
608 2423 740 2516 aliquid
759 2447 871 2491 secum
889 2422 970 2490 boni
988 2421 1095 2508 ierat,
1113 2439 1173 2490 sut
1184 2423 1298 2490 sanior
1311 2422 1377 2491 do-

261 2552 276 2616 l
301 2564 394 2608 mum
412 2539 550 2621 redeat,
571 2555 631 2608 sut
653 2539 849 2608 sanabilior.
876 2539 1016 2607 Redibit
1040 2554 1153 2616 autem
1180 2568 1188 2611 ;
1212 2562 1253 2606 es
1282 2539 1375 2606 enim

300 2653 527 2757 Philosophioe
538 2655 590 2724 vis
602 2670 672 2739 est,
689 2669 808 2724 utnon
822 2653 963 2746 [solum]
978 2653 1152 2722 studentes
1161 2659 1187 2738 ⁷,
1198 2652 1258 2722 sed
1271 2655 1374 2722 etiam

302 2877 459 2942 torpedine!
473 2887 498 2926 et
505 2893 633 2944 properat
650 2872 813 2926 incommode
896 2875 918 2924 5.
930 2875 1062 2929 Attalum.
1079 2872 1133 2926 Sub
1145 2873 1260 2946 imperat.
1270 2871 1375 2930 Tiberio

302 2952 442 3007 infulciunt
458 2952 592 3017 nonnulli,
605 2953 723 3026 ignorant
735 2951 814 3010 nostri
862 2949 959 3018 elerum
973 2951 1101 3016 Stoicum,
1120 2952 1164 3020 qui
1176 2952 1260 3014 solnrn
1275 2949 1375 3002 vertite

301 3030 361 3083 libri
374 3024 576 3084 ctGrut.Scdw.
862 3027 955 3099 Seiano
972 3027 1189 3100 circumscriptus,
1212 3045 1314 3099 magno
1337 3027 1376 3078 vir

337 3129 358 3160 ι.
370 3107 480 3160 Ordine.
488 3107 545 3160 Nic.
555 3105 638 3160 Faber
649 3125 662 3158 e
674 3124 732 3158 mss.
743 3104 814 3156 libris
863 3105 1026 3176 eloquentiis,
1037 3127 1066 3158 ex
1077 3104 1248 3178 pbilosophis,
1258 3124 1323 3176 qnos
1333 3123 1377 3156 no·

301 3185 425 3258 reposuit,
437 3203 516 3254 quum
525 3183 568 3236 slii
576 3183 714 3236 baberent:
724 3185 815 3235 maxi·
862 3196 912 3237 stra
922 3195 981 3239 setas
991 3183 1068 3249 vidit,
1080 3183 1156 3258 longe
1166 3196 1190 3236 et
1200 3183 1376 3236 subtilissimus

302 3283 344 3317 me
358 3267 465 3328 ordine,
481 3265 614 3332 ordrbem,
632 3265 756 3314 maximo
777 3281 816 3314 or·
865 3275 889 3316 et
901 3261 1104 3314 fecundissimus.
1117 3261 1155 3314 M.
1165 3263 1337 3315 Anu-Seneca
1348 3261 1375 3314 in

303 3344 371 3406 dine.
385 3341 475 3392 Rutu
609 3334 613 3342 ⁸
865 3341 983 3394 Suasoris
991 3361 1013 3392 ι.
1021 3340 1121 3394 Febris.
1131 3341 1198 3394 Bibl.
1207 3361 1245 3413 gr.
1255 3341 1309 3405 lll,
1320 3343 1376 3409 544.

336 3417 816 3487 2.Aptarionasvtribusdebet.ldem
865 3417 956 3470 Ruti.

302 3496 415 3571 precipit
429 3496 550 3549 Horatius
565 3495 598 3548 de
614 3499 675 3548 Arte
685 3495 758 3550 Post.
769 3495 815 3548 38:
897 3497 922 3550 b.
936 3497 992 3568 Qui
1000 3500 1040 3553 ad
1050 3497 1247 3566 Philosophum.
1258 3497 1317 3554 Hoc
1327 3497 1377 3550 de-

303 3574 425 3636 sSumits
437 3575 566 3628 materiem
579 3573 681 3636 vestris,
700 3573 745 3642 qui
759 3573 818 3626 scri·
866 3578 954 3630 bosrst
967 3597 1011 3629 ms·
1031 3598 1057 3630 a.
1074 3577 1102 3630 in
1117 3597 1168 3647 quo
1179 3576 1302 3630 mendose
1313 3581 1376 3645 quio

302 3655 375 3719 bitis,
386 3675 484 3728 tequam
493 3653 612 3718 Viribus;
623 3667 749 3706 etvsrsate
757 3653 815 3719 sliu,
862 3653 1053 3723 philosophum.
1066 3655 1123 3726 Qui
1136 3657 1176 3706 ad
1182 3653 1376 3723 philosophiam

301 3735 363 3808 quid
372 3738 436 3788 isere
442 3745 567 3801 recinent,
577 3731 649 3801 Quid
658 3731 759 3784 velesnt
768 3731 817 3784 bu·
865 3753 886 3786 c.
894 3733 929 3786 A.
945 3732 1002 3804 Qui
1009 3735 1049 3785 ad
1056 3732 1267 3801 philosophorum
1274 3732 1375 3788 sciata

302 3815 375 3867 meri.
385 3836 399 3861 s
867 3809 961 3882 vulgo,
976 3829 1004 3863 ex
1018 3812 1053 3864 R·
1067 3809 1148 3862 Schts.

337 3891 360 3944 3.
371 3891 525 3958 Pessimus,
536 3910 562 3942 a.
576 3887 611 3940 R·
622 3887 817 3961 Vulgopossu·
868 3951 877 3968 Ι
899 3908 923 3953 ⁷·
941 3889 1003 3940 Non
1022 3889 1131 3956 [solum]
1152 3889 1290 3942 studerem.
1307 3885 1375 3940 Istud

302 3989 370 4032 mus.
383 3967 464 4022 Sota.
864 3967 964 4028 solum,
979 3964 1010 4016 sb
1026 3966 1131 4019 hasmo
1144 3965 1284 4038 adjectum,
1300 3965 1377 4038 igno·

337 4046 481 4118 pcapies,
497 4059 627 4118 quantiam
647 4044 816 4115 velasqui·
864 4041 1286 4108 rento.c.Ii.A.etrsetius,ut
1304 4042 1376 4096 nobis

304 4125 359 4178 scil.
370 4125 392 4178 si
403 4126 502 4178 Mnum
520 4125 596 4179 bsbes
608 4125 742 4187 ssimum,
762 4143 816 4176 non
865 4120 973 4185 videtur,
984 4120 1121 4193 abjicietur.
1127 4119 1193 4175 vide
1201 4133 1254 4174 not.
1265 4121 1299 4174 sd
1307 4137 1371 4186 vttt,

304 4205 361 4296 plus
367 4204 470 4260 bsurire
480 4204 815 4277 voles,qosmespsrepotes.
865 4213 889 4251 st
900 4200 931 4252 ci.
945 4214 1018 4256 xxtv.
1030 4196 1111 4261 Solio.
