2950 4934
439 421 705 496 EPIs‘rotns
726 423 851 496 XCV.
1121 429 1178 495 131

105 559 274 642 animam
293 555 393 624 Laelii
407 555 626 647 sapientiam,
648 568 683 622 et
700 576 779 622 cum
792 577 853 622 suo
867 553 1027 647 Scipione
1041 577 1187 624 concor-

107 677 216 762 diam3
235 673 380 743 alterius
400 671 539 740 Catonis
559 667 652 740 domi
666 669 819 762 forisque
833 670 974 764 egregia
987 670 1094 758 iactu3
1112 673 1187 742 Tu·
1251 738 1255 748 ,

108 793 247 862 beronis
260 791 394 884 ligneos
404 787 546 856 lectulos
559 790 586 871 ¹,
598 810 703 879 quum
718 787 756 855 in
768 785 944 880 publicum
957 792 1184 871 ²sternerent,

108 909 332 998 haedinasque
357 928 420 997 pro
444 901 603 996 stragulis
625 901 753 996 pelles,
781 916 816 970 et
841 919 921 972 ante
946 903 1055 998 ipsius
1072 900 1189 974 ³Jovis

108 1026 229 1096 cellam
250 1015 430 1116 apposita⁴
456 1019 608 1087 oonvivis
629 1041 708 1089 vasa
729 1019 860 1088 fictilia.
882 1020 978 1113 Quid
996 1021 1090 1091 aliud
1113 1040 1186 1107 est,

108 1151 347 1232 paupertatem
366 1136 403 1201 in
424 1132 592 1226 Capitolio
615 1135 843 1202 consecrare?
865 1135 913 1203 Ut
935 1135 1068 1204 nullum
1094 1136 1190 1205 aliud

109 1256 235 1323 besum
251 1253 327 1344 ejus
343 1249 510 1334 habeam,
533 1272 602 1341 quo
618 1248 714 1316 illum
733 1249 919 1319 Catonibus
935 1251 1100 1337 inseram,
1123 1252 1191 1321 hoo

108 1394 231 1464 parum
251 1365 453 1434 credimus?
474 1367 625 1432 Censura
647 1363 713 1431 fuit
731 1363 809 1450 illa,
831 1389 900 1434 non
919 1391 1026 1437 ooena.
1043 1371 1191 1461 Oquam
1215 1383 1248 1448 7³

109 1488 274 1578 ignorant
289 1483 448 1552 homines
461 1479 578 1574 cupidi
592 1481 732 1574 gloriae,
749 1480 835 1571 quid
847 1482 906 1550 illa
920 1484 982 1568 eit,
998 1501 1058 1552 aut
1075 1510 1193 1578 quem-

110 1601 295 1668 admodum
315 1593 483 1691 petenda!
506 1597 570 1665 Illo
590 1596 647 1666 die
662 1596 810 1690 populus
822 1599 994 1668 Romanus
1008 1600 1192 1669 multorum

111 1715 362 1808 supellectilem
376 1714 564 1808 spectavit,
581 1714 683 1782 unius
697 1713 839 1782 miratus
855 1730 917 1783 est.
935 1718 1096 1785 Omnium
1112 1716 1193 1785 illo-

112 1856 186 1898 rum
207 1855 332 1900 aurum
354 1845 606 1924 argentumque
634 1830 779 1900 fractum
805 1848 875 1914 est,
904 1849 939 1902 et
961 1835 1085 1904 millies
1105 1859 1194 1905 con-

113 1947 226 2015 flatum
238 1940 268 2034 ⁵3
289 1963 326 2014 at
341 1945 499 2014 omnibus
517 1945 650 2016 eaeculie
664 1947 860 2018 Tuberonis
873 1951 992 2020 fictitia
1005 1951 1190 2021 durabunt.
1247 1939 1251 1949 ¹

114 2064 207 2132 Vale.

148 2301 169 2334 ι.
185 2281 332 2334 Tuberonis
348 2282 447 2347 ligneos
462 2281 577 2332 lectulos.
591 2278 626 2348 Q
675 2282 814 2348 Romani).
826 2283 870 2340 Sic
884 2298 950 2338 reete
962 2283 1081 2339 exhibent
1091 2306 1147 2340 ue.
1157 2287 1195 2350 A,

117 2361 181 2415 AEtii
193 2359 350 2412 Tuberonis.
370 2359 412 2410 De
435 2377 465 2410 eo
487 2356 578 2410 Cicero
597 2358 627 2410 in
677 2381 730 2414 non
742 2376 770 2414 nt
783 2361 894 2436 vulgatae
905 2361 962 2415 edd.
975 2374 1154 2416 sumerentur.
1165 2364 1195 2417 S.

116 2446 183 2496 Orat.
199 2462 245 2515 pro
258 2441 409 2496 Muraenae.
422 2438 455 2491 35
467 2438 522 2493 brer
534 2439 628 2494 babet:
712 2439 736 2492 3.
744 2442 815 2494 Ante
825 2442 909 2509 ipsius
917 2439 1002 2494 Jovis.
1013 2441 1097 2515 Epulo
1109 2441 1197 2513 publi·

119 2521 195 2574 ·Fuit
205 2519 296 2573 eodem
307 2533 331 2572 et
341 2519 426 2572 studio
440 2520 552 2572 eruditus
563 2518 631 2592 apud
680 2539 720 2578 ro.
730 2519 759 2571 in
768 2518 906 2592 Capitolio.
920 2518 996 2572 Adde
1007 2519 1087 2593 Epist.
1097 2536 1196 2574 xcvus.

118 2613 195 2675 patres
210 2611 311 2652 nostros
329 2610 352 2651 et
370 2596 492 2650 honestus
509 2595 588 2651 bomo
607 2607 632 2650 et
680 2593 799 2662 Lipsius.

119 2680 210 2734 nobilis
220 2680 256 2747 Q.
265 2679 378 2732 Tubero.
389 2679 427 2742 Is,
438 2697 519 2749 quum
527 2678 631 2751 epulum
714 2678 738 2743 4.
748 2677 894 2744 Appostsa,
904 2676 941 2728 sic
954 2675 995 2728 ed.
1007 2679 1043 2730 A.
1063 2693 1117 2729 non
1130 2699 1196 2747 pro-

120 2761 149 2829 Q.
158 2759 288 2812 Maximus
301 2757 418 2811 Africani
433 2757 515 2830 patrui
528 2755 568 2807 sui
579 2775 632 2808 no-
678 2757 767 2824 posita
776 2792 784 2819 ‚
794 2765 824 2806 ut
836 2754 922 2826 vulgo.
931 2753 1013 2807 Selloe.

122 2835 185 2889 nine
194 2835 373 2908 populolioru.
384 2835 471 2897 daret,
484 2845 587 2906 rogatus
596 2845 632 2885 est
715 2837 738 2884 5.
753 2829 794 2884 Et
809 2834 906 2885 millies
924 2831 1080 2902 mullorum,
1099 2834 1197 2887 aPin-

122 2932 136 2964 a
148 2912 260 2966 biuimo
272 2951 280 2977 ,
298 2924 328 2964 nt
346 2911 483 2968 tiieliuium
496 2922 631 2972 sterneret,
680 2910 755 2964 tiano
767 2929 797 2962 ex
806 2929 859 2963 uuo
871 2910 958 2964 codiee
969 2910 1025 2975 (sed
1036 2931 1067 2964 eo
1078 2912 1196 2982 alioquin

123 3010 195 3062 quum
207 3002 272 3043 esset
280 2989 384 3042 Tubero
395 2989 508 3062 ejusdem
519 2986 632 3041 Africani
680 2989 797 3061 probato)
812 2989 946 3043 laudatum
960 2991 1056 3062 recepit
1065 2993 1133 3044 Mur.
1148 3011 1197 3046 nee

123 3069 210 3121 sororis
227 3067 316 3121 filius:
329 3080 403 3137 atque
416 3067 460 3122 ille
478 3066 556 3119 bomo
570 3085 633 3117 eru-
680 3069 784 3121 fortasse
798 3067 927 3121 immerito
937 3070 948 3132 (
956 3089 1033 3138 quam
1047 3068 1151 3121 lection.
1161 3089 1198 3122 se·

125 3145 257 3200 ditissimus
266 3165 298 3198 ae
308 3145 402 3198 stoicus
412 3142 498 3198 stravit
505 3140 633 3214 pelliculis
681 3145 824 3198 entusbene
832 3143 974 3217 Logrange
983 3145 1069 3201 vertit:
1077 3145 1198 3201 Etmilie

124 3221 224 3277 latinis
239 3221 348 3275 lectulos
362 3220 502 3294 punieanos
513 3232 538 3272 et
549 3240 633 3294 expo·
671 3223 731 3296 sois
745 3226 878 3293 refundes).
892 3223 983 3277 Sebw.
1001 3224 1045 3276 (lat
1056 3227 1085 3277 in
1100 3226 1198 3278 millies

125 3302 320 3356 suitramamia
329 3301 416 3372 :qussi
427 3321 486 3353 sero
497 3299 633 3352 essetDio·
680 3299 822 3371 conflatum
837 3321 866 3353 ex
878 3321 924 3353 ms.
935 3322 963 3354 a.
974 3305 985 3370 (
995 3302 1067 3374 qnod
1087 3302 1198 3376 intelligi

126 3399 195 3451 pense
204 3380 318 3450 Cynicus
330 3390 443 3430 mortuus
452 3387 477 3429 et
487 3395 539 3428 nou
550 3373 633 3430 divini
681 3387 782 3453 poterat
792 3379 950 3448 confinium,
963 3379 992 3431 in
1003 3380 1134 3453 ingentem
1147 3400 1198 3453 pe-

128 3455 230 3512 bmninis
250 3457 367 3510 Africani
390 3474 459 3508 mors
480 3455 634 3507 honestare-
682 3456 896 3510 eunieesummem
908 3463 1063 3529 procusum).
1081 3458 1125 3511 sie
1135 3458 1197 3511 item

129 3535 227 3590 turb...
238 3535 358 3588 Graviter
368 3534 426 3586 tulit
439 3533 547 3607 populus
559 3532 634 3584 llorn.
682 3535 722 3587 ed.
742 3535 778 3588 li.
798 3546 823 3587 et
839 3535 942 3588 Gruteri
956 3535 1031 3588 codd.
1049 3554 1151 3598 omnes,
1168 3537 1197 3589 in

129 3610 340 3688 baneperrersam
352 3611 501 3686 sapientiam
512 3611 634 3664 Tubero-
682 3611 775 3680 quibus
795 3613 900 3685 quidem
921 3616 1025 3679 milies,
1045 3633 1090 3686 pro
1107 3633 1195 3678 more,

132 3691 192 3744 nie»
213 3690 349 3764 Exscripsit
372 3689 524 3744 Ciceronem
545 3685 634 3740 Valer·
681 3690 817 3762 simplicii
828 3691 909 3744 littera
922 3691 1048 3744 scribitur.
1061 3690 1158 3744 vitiose
1169 3695 1198 3743 in

133 3769 303 3837 statutis,
317 3772 341 3822 5.
354 3769 446 3822 Ruit.
682 3772 781 3822 nsilrtes
800 3768 841 3821 ed.
865 3771 909 3823 Er.
926 3769 964 3822 In
978 3773 1033 3823 sile
1044 3789 1073 3823 es
1092 3770 1121 3836 (i.
1131 3790 1153 3822 e.
1169 3774 1199 3822 in

162 3849 271 3921 equum
280 3853 307 3903 in
315 3850 413 3919 public.
426 3857 564 3902 sternerent
569 3847 634 3914 (seii.
683 3849 737 3899 vile
746 3847 795 3913 ωε)
805 3865 853 3898 ms.
861 3866 881 3900 o.
888 3859 914 3898 et
921 3846 1003 3900 aaA.

518 4114 807 4144 και...»-
