2950 4934
279 316 527 432 rassror..
555 360 809 432 ssorcon.
836 362 935 429 ιιιι.
961 363 1036 428 ιιι.
1131 363 1198 457 aa,

117 509 303 591 productioni
320 508 398 568 omni
414 505 568 566 inserenda
583 518 636 571 est.
659 504 713 564 Illa
736 507 766 563 in
780 505 891 564 occulto
906 504 1085 565 administrat
1105 507 1202 587 plera-

116 638 196 697 que,
216 628 245 675 et
258 615 395 696 disponit.
413 614 456 674 De
471 612 586 673 Semino
601 623 697 671 autem
713 633 733 669 o
749 619 805 669 toto
824 632 954 691 corpore,
973 612 1060 670 ctiam
1076 610 1201 693 Polybus
1243 666 1245 669 .

115 726 152 783 in
165 722 263 783 libello
277 728 335 805 περὶ
349 732 444 803 γονῆς,
468 731 497 778 et
519 719 711 800 Hippocrates
736 716 867 798 pluribus
886 718 974 791 locis,
997 718 1199 779 consentiunt:

115 832 246 911 itemque
263 828 443 890 Democritus
455 850 463 885 ι
477 826 529 886 «A
544 826 630 899 totis,
653 825 748 907 inquit
766 823 816 905 (in
831 823 909 884 Stoh.
928 822 1052 906 Phys),
1069 829 1200 906 corpori·
1253 850 1270 857 '¹

113 937 194 1008 bns,
219 947 247 995 et
270 934 420 1015 praecipuis
439 931 588 1014 partibus,
607 931 780 1013 genitura.»
805 930 905 1011 Itaque
929 930 1006 990 idem
1029 958 1042 985 u
1054 932 1199 993 Venerem

114 1041 211 1123 (apud
226 1041 369 1114 Plinium,
389 1038 440 1099 lib.
462 1037 617 1111 XXVIII,
633 1060 698 1119 cap.
715 1034 755 1120 6)
770 1037 932 1110 damnavit,
948 1038 1024 1097 utin
1041 1060 1098 1119 qua
1113 1038 1199 1099 homo

115 1151 193 1209 alius
207 1150 320 1209 exiliret
335 1169 372 1207 cx
389 1145 515 1205 homine.
531 1172 546 1199 s
564 1146 641 1205 Hinc
657 1145 789 1205 debilitas
804 1156 832 1204 ct
848 1145 968 1227 languor
988 1146 1025 1203 ab
1042 1146 1091 1204 illo
1105 1159 1198 1221 coetu,

115 1258 206 1316 etiarn
219 1256 308 1315 animi
318 1254 459 1327 remissio,
471 1254 617 1335 spiritibus
627 1253 735 1313 scilicet
746 1252 902 1313 exhaustis.
917 1250 979 1311 Etsi
990 1253 1197 1340 Tertullianus,

78 1356 82 1363 ¹
114 1364 170 1444 qui
186 1361 297 1422 traduci
314 1361 448 1421 Animam
465 1361 545 1433 vult,
566 1361 595 1418 in
612 1372 812 1442 argumentum
825 1358 880 1417 hoo
897 1359 950 1418 sihi
966 1360 1060 1419 vertit.
1077 1386 1091 1413 a
1103 1361 1136 1419 In
1148 1362 1197 1419 illo

115 1471 200 1552 ipso,
214 1470 309 1549 inquit
319 1467 368 1551 (de
378 1468 499 1540 Anima,
519 1490 583 1547 cap.
602 1464 677 1549 27),
691 1467 796 1525 ultime
808 1467 960 1547 voluptatis
972 1480 1041 1527 aestu
1053 1511 1061 1539 ,
1074 1490 1131 1549 quo
1144 1490 1197 1550 ge-

114 1576 208 1635 nitale
223 1576 303 1652 virus
322 1572 486 1655 expellitur,
507 1592 603 1632 nonne
622 1571 732 1652 aliquid
751 1570 787 1629 de
808 1573 903 1631 anima
922 1594 1037 1653 quoque
1059 1575 1196 1633 sentimus

114 1685 220 1757 exire,
238 1696 324 1764 atque
341 1682 414 1743 adeo
426 1682 626 1741 marcescimus
642 1693 671 1740 et
685 1680 913 1763 devigescimus,
930 1704 996 1740 cum
1014 1682 1087 1741 lucis
1105 1681 1196 1741 detri-

114 1791 265 1851 mental»
282 1791 378 1852 Vertit
395 1791 536 1873 inquam:
553 1788 590 1848 de
605 1788 750 1848 Rationali
772 1800 867 1847 tamen
884 1801 983 1870 parte,
1010 1788 1087 1849 haud
1111 1794 1194 1868 juste.

116 1898 208 1958 Porro
221 1895 354 1957 Laertius
367 1920 375 1954 ι
393 1922 407 1950 u
419 1896 550 1957 Mulieris
570 1918 668 1956 semen
685 1892 893 1955 inloecundum.
910 1922 924 1949 ι
943 1896 1073 1970 Quidni?
1088 1897 1195 1977 Spiritu

117 2006 198 2065 enim
214 2017 310 2076 caret,
334 2015 364 2063 et
379 2006 469 2065 drosos
485 2015 544 2075 est,
566 2015 599 2061 nt
617 2001 707 2062 addit.
725 2002 899 2061 Censorinus
913 2002 968 2061 hoc
985 2004 1079 2083 ipsum
1095 2002 1195 2065 Stoicis

116 2132 234 2193 quoqne
248 2108 406 2170 adscribit:
423 2136 437 2162 a
451 2109 528 2169 Illud
543 2110 628 2169 etiam
641 2110 805 2191 ambiguam
820 2110 894 2170 inter
908 2123 1035 2170 auctores
1050 2110 1118 2169 lacit
1131 2113 1196 2193 opi-

116 2219 254 2289 nionem,
268 2229 403 2276 utrumne
418 2237 455 2275 ex
468 2214 559 2275 Patris
573 2214 771 2275 tantummodo
784 2216 894 2275 semine
906 2229 1003 2296 partus
1016 2232 1193 2291 nasceretur,

116 2336 151 2383 ut
161 2324 321 2405 Diogenes,
338 2335 367 2382 et
377 2322 515 2403 Hippon,
532 2321 675 2402 Stoicique
690 2322 884 2401 scripserunt=
898 2343 934 2380 an
946 2336 975 2381 et
986 2322 1016 2381 id
1028 2344 1063 2383 ex
1076 2324 1192 2395 Matris,

116 2429 197 2511 quod
211 2432 404 2511 Anaxagorae,
426 2440 455 2487 et
474 2427 646 2497 Alcmaeoni,
665 2449 718 2486 nec
735 2450 793 2485 non
809 2425 987 2501 Parmenidi,
1005 2427 1195 2510 Empedocli-

117 2558 194 2616 que,
215 2550 243 2595 et
265 2534 391 2617 Epicuro
404 2536 498 2594 visum
515 2546 567 2593 est.
581 2558 595 2585 ι
614 2531 725 2591 Licebit
739 2525 929 2616 Pythagoram
946 2547 975 2593 et
988 2535 1193 2619 Hippocratem

118 2642 165 2701 his
181 2644 287 2703 ultimis
304 2664 466 2703 accensere.
491 2640 645 2701 aesinion
661 2640 829 2699 Plutarchus
845 2641 1024 2702 Aristotelem
1049 2644 1193 2729 adjungit:

119 2777 133 2803 s
147 2749 314 2810 Aristoteles
329 2762 359 2808 et
374 2749 452 2809 Zeno
468 2749 567 2821 aiunt,
582 2747 733 2806 mulierem
747 2748 896 2807 materiam
911 2748 1035 2829 aliquam
1046 2748 1193 2813 humidam

116 2857 237 2935 ejicere,
253 2868 398 2935 tamquam
413 2877 430 2913 a
444 2854 643 2914 colluctatione
657 2853 707 2911 illa
721 2852 873 2925 sudorem,
889 2852 1012 2914 sednon
1027 2857 1193 2917 seminalem

115 2976 169 3023 aut
182 2962 349 3043 prolificam.
364 2987 379 3014 a
396 2961 505 3020 Tamen
520 2960 603 3019 aliter
620 2960 725 3018 iterum
745 2957 781 3018 de
799 2958 950 3019 Aristotele
967 2959 1130 3022 Lactantius
1145 2963 1195 3047 (de

115 3068 215 3151 opit,
232 3090 296 3149 cap.
318 3065 367 3149 12)
380 3090 389 3125 ι
404 3094 418 3120 s
431 3067 524 3127 Varro
538 3078 566 3125 et
579 3065 745 3125 Aristoteles
761 3066 858 3139 aiunt,
873 3088 931 3126 non
943 3077 1053 3131 tantum
1068 3070 1193 3130 marihus

114 3178 211 3235 inesse
225 3196 343 3247 semen,
361 3195 461 3235 verum
478 3184 506 3232 et
522 3171 646 3231 foeminis
662 3196 670 3231 ι
687 3184 715 3233 et
731 3172 800 3232 inde
815 3173 983 3255 plerumque
998 3177 1134 3237 matribus
1149 3180 1194 3237 si-

114 3283 199 3343 miles
218 3281 371 3363 procreari.
396 3280 453 3341 Sed
472 3301 570 3338 earum
593 3300 692 3339 semen
715 3277 889 3361 Sanguinem
914 3301 976 3339 esse
996 3294 1191 3363 purgatum.»

113 3390 182 3451 Non
197 3389 285 3449 miror
298 3386 416 3447 distrahi
434 3410 441 3444 :
458 3409 525 3445 nam
539 3388 601 3467 ipse
618 3386 784 3445 Aristoteles
798 3386 912 3489 videtur
928 3388 1085 3470 inscriptis
1100 3392 1193 3451 vacil-

113 3499 187 3557 lare.
203 3497 312 3555 Tamen
326 3495 431 3556 veritas
446 3506 506 3568 est,
522 3493 600 3575 quod
616 3495 709 3574 ipsum
720 3492 823 3552 Samen
835 3515 892 3553 non
903 3494 1027 3569 habent,
1041 3519 1094 3557 nec
1106 3498 1193 3559 donat

114 3603 282 3663 Aristoteles
299 3627 308 3661 ι
324 3602 376 3662 sed
392 3602 454 3680 ejus
471 3602 534 3659 vice
550 3612 729 3660 menstruum
741 3601 891 3687 puriorem
906 3601 1079 3685 Sanguinem
1094 3603 1192 3687 (quod

114 3710 202 3769 etiam
217 3710 247 3767 in
266 3706 431 3789 Lactantio)
446 3707 536 3766 lotum
546 3707 626 3765 uirili
642 3706 746 3766 semini
761 3718 789 3767 et
804 3706 981 3767 alimentum.
1001 3709 1090 3771 Addit
1104 3710 1193 3773 Laen-

113 3817 173 3875 tius
188 3838 197 3872 a
214 3842 228 3867 u
239 3812 387 3875 Modicum
401 3825 431 3872 et
444 3812 601 3893 Aquosum.
617 3837 631 3864 ι
648 3810 710 3884 lu,
724 3810 761 3871 de
774 3812 823 3871 illo
835 3814 916 3893 quasi
930 3813 1051 3889 sudore,
1067 3828 1099 3876 ut
1113 3818 1191 3881 Zeno

113 3920 245 3992 dicebat,
261 3921 321 3979 sive
334 3920 459 3991 lentore,
476 3940 563 3999 quem
577 3918 607 3976 in
621 3916 699 3977 lucta
713 3918 867 3977 emittunt:
881 3941 938 3979 ιιοιι
954 3920 993 3979 ita
1004 3920 1040 3983 de
1052 3926 1191 4007 sanguine

114 4050 281 4089 mensurno.
298 4029 371 4090 Satis
385 4027 422 4088 de
431 4027 565 4100 Semina,
585 4048 601 4085 e
616 4049 673 4107 quo
688 4026 773 4085 soetus
785 4026 834 4099 lit,
850 4038 879 4086 ot
893 4038 1022 4109 tempore
1033 4030 1187 4113 liguratur:

114 4157 173 4215 qua
187 4136 278 4209 serie,
292 4147 342 4194 aut
355 4134 476 4193 ordine?
490 4162 503 4187 a
518 4131 723 4214 Empedocles,
739 4134 779 4193 ait
791 4131 984 4210 Censorinus,
997 4158 1082 4217 quern
1094 4140 1123 4197 in
1134 4140 1188 4201 hoc
