2950 4934
284 471 351 556 244
573 473 613 538 1..
639 467 821 537 suunt
846 469 1068 539 sauses

333 592 501 660 Attalum¹
516 593 655 660 memini
666 616 743 660 cum
755 615 877 685 magna
889 590 1115 660 admiratione.
1124 594 1276 662 omnium
1284 595 1361 662 baec

284 711 425 779 dicere:
451 709 553 778 «Diu
569 709 675 793 mibi,
695 710 829 800 inquit,
856 711 1047 804 imposuere
1066 709 1194 778 divitias
1213 737 1220 776 ε
1241 727 1362 804 stupe-

284 825 381 908 bam,
406 825 466 892 ubi
485 824 617 918 aliquid
640 825 768 894 exiliis
791 825 860 894 alio
882 842 986 919 atque
1007 826 1074 894 alio
1098 825 1172 894 ioco
1194 826 1358 906 baisemts

284 942 515 1012 existimabam
530 943 653 1011 similia
668 966 760 1024 esse,
780 967 855 1034 quse
876 943 1038 1029 laterent,
1055 945 1128 1028 his,
1144 967 1227 1036 ‘quae
1247 960 1362 1012 osten-

230 1072 259 1136 ιζ
285 1053 1358 1152 derentur.·Sedinquodsmapparntn'viditotasopes³·Urbis,

285 1172 441 1247 caeiatss‘
460 1193 495 1244 et
516 1196 599 1244 auro
620 1191 837 1269 margunc,
862 1190 896 1242 et
917 1170 998 1242 bis⁵
1019 1199 1095 1267 quse
1115 1175 1262 1270 pretium
1275 1177 1360 1243 ‘auri

282 1295 487 1389 argentique
500 1294 674 1376 siceruut3
694 1292 879 1384 exquisitos
892 1291 1040 1375 colores,
1057 1308 1092 1360 et
1104 1283 1234 1360 restes⁶
1242 1343 1253 1377 ,
1264 1291 1361 1360 ultra

283 1435 352 1480 non
365 1421 495 1478 tantum
514 1424 686 1488 nostrum,
707 1407 768 1476 sed
786 1408 876 1476 ultra
891 1409 994 1477 finem
1012 1407 1159 1477 hostium
1173 1407 1333 1478 adiectas
1351 1435 1359 1474 :

282 1531 366 1597 binc
375 1551 558 1622 puerorum
572 1527 772 1618 perspicuos
782 1526 876 1594 cuitu
887 1541 990 1617 atque
1005 1525 1261 1620 forma'gteges3
1276 1525 1364 1594 bino

282 1646 483 1713 feminarum
496 1671 505 1728 3
518 1658 554 1710 et
565 1641 652 1722 slis,
669 1665 765 1733 qum,
781 1666 835 1710 res
850 1653 1182 1735 suss'reoognoscens
1193 1648 1220 1726 ²,
1238 1645 1361 1710 summi

227 1771 257 1821 ιε
283 1760 418 1854 imperii
435 1759 571 1826 fortuna
589 1753 790 1850 protulerat.
804 1755 900 1848 Quid
911 1756 1057 1836 honest,
1071 1758 1229 1848 inquam,
1246 1757 1360 1838 aliud,

282 1899 382 1968 quam
397 1875 535 1942 irritare
546 1872 749 1967 cupiditates
763 1873 937 1940 hominurn
952 1887 1015 1964 per
1027 1895 1062 1940 se
1074 1873 1253 1941 incitatas?
1265 1873 1364 1964 Quid

282 1992 348 2060 sibi
367 1989 439 2058 vuit
460 1991 523 2056 ista
542 1990 697 2080 pecunia
719 1989 870 2082 pompa?
892 1985 946 2058 Ad
964 1986 1160 2056 discendam
1183 1991 1362 2056 avaritiam

282 2108 519 2174 convenimus.
536 2105 598 2186 bt,
613 2104 845 2186 mehercules,
863 2106 975 2172 minus
990 2103 1187 2197 cupiditatis
1201 2105 1302 2172 istinc
1316 2106 1366 2172 es-

283 2223 375 2304 sem,
392 2237 493 2312 quam
507 2221 702 2288 attuleram.
719 2222 917 2314 Contempsi
932 2219 1089 2304 diuitias,
1106 2241 1193 2300 non,
1212 2222 1292 2312 quis
1303 2241 1367 2288 su·

238 2363 258 2388 x
283 2359 481 2430 pervacua,
503 2335 565 2403 sed
577 2337 657 2427 quis
676 2335 808 2428 pusiilus
822 2352 911 2404 sunt.
930 2334 1134 2418 Vidisti-ne,
1153 2359 1252 2428 quam
1275 2338 1366 2404 intra

285 2475 409 2547 paucas
435 2453 537 2521 boras
561 2452 619 2520 ilie
645 2451 751 2536 ordo,
766 2455 929 2544 'quamvis
952 2452 1066 2520 ientus
1090 2451 1362 2546 dispositusque,

287 2572 484 2640 transierit?
508 2574 580 2638 Hoc
600 2585 702 2638 totam
727 2571 829 2640 vitam
855 2583 1002 2639 nostram
1022 2565 1247 2663 occupabit⁸,
1271 2571 1367 2664 qnod

232 2709 263 2762 ιθ
288 2706 393 2758 totum
409 2689 499 2756 diem
514 2710 680 2780 occupare
693 2702 762 2754 non
778 2689 915 2779 potuit?
929 2689 1081 2756 Accessit
1099 2685 1183 2756 ittud
1198 2705 1338 2781 quoqne
1356 2717 1365 2755 :

290 2823 356 2874 tam
377 2827 595 2898 supervacue
618 2803 702 2870 mihi
720 2803 801 2869 visse
821 2818 898 2870 sunt
913 2795 1144 2886 habentibus,
1166 2823 1265 2895 quam
1290 2806 1370 2873 iuc-

293 3073 443 3145 guedinem,
453 3075 530 3125 nidor
541 3071 572 3123 ad
584 3070 699 3122 odorem.
714 3069 805 3122 Ruta.
855 3069 973 3122 incedens
981 3068 1147 3142 dispositaque
1155 3070 1369 3144 conspiciebatur.

331 3171 350 3203 ι.
359 3153 490 3203 Attalum.
502 3148 712 3222 Videprtoiam
723 3159 803 3206 cvttt,
854 3146 947 3198 naht.

293 3231 338 3284 ubi
351 3243 435 3281 narrat
447 3230 544 3282 Seneca
556 3247 582 3278 se
595 3227 647 3297 ejus
659 3223 805 3299 philosophi
887 3222 910 3273 3.
924 3221 1004 3276 Totos
1013 3235 1073 3292 ope's
1086 3223 1180 3290 Urbis,
1193 3224 1209 3274 i.
1221 3225 1370 3297 supellecti-

294 3307 525 3380 srcqnentiasimum
539 3307 614 3358 fuisse
626 3304 777 3357 auditorem.
856 3299 905 3352 iem
919 3303 1015 3353 variam
1027 3312 1056 3355 ει
1067 3321 1128 3354 soro
1138 3339 1145 3364 ‚
1157 3313 1321 3374 argentoque.
1333 3303 1371 3354 Η.

329 3411 352 3443 a.
369 3389 425 3440 Sed
440 3391 467 3438 in
483 3389 599 3454 quodum
613 3395 755 3454 apparatu.
767 3381 808 3433 De
890 3379 913 3444 4.
921 3381 1143 3456 Qutatasetaum
1153 3392 1177 3431 et
1187 3399 1243 3449 arg.
1255 3381 1299 3432 Sic
1308 3380 1372 3433 libn'

296 3465 431 3539 spectaculi
441 3464 533 3536 publici
546 3483 654 3538 pompa.
669 3483 690 3513 e.
702 3481 724 3514 c.
741 3459 808 3534 epuli
857 3467 915 3510 vett.
928 3477 981 3508 noo
995 3472 1032 3510 ea·
1044 3477 1117 3508 oraro.
1128 3455 1208 3509 Schts.

298 3542 408 3618 publici.
452 3542 508 3594 nale
526 3553 650 3593 memorat
671 3539 761 3591 Cicero
782 3537 809 3590 io
891 3534 1224 3600 5.1sttts...vtcsruns,t.
1242 3535 1372 3605 gemmis,

297 3606 382 3673 istiu.
392 3641 413 3673 c.
426 3563 465 3683 di,
472 3630 515 3671 aot
526 3615 657 3688 triu'mpbi,
666 3615 809 3687 intelligere
858 3611 996 3664 unionibus
1006 3612 1169 3686 compositam
1179 3625 1203 3665 et
1213 3611 1374 3677 distinctam,

298 3701 405 3760 malim,
425 3717 502 3767 qnam
515 3695 549 3749 d'e
569 3695 666 3766 Pompa
683 3693 788 3745 circensi
803 3729 809 3756 ‚
859 3688 906 3741 bac
915 3690 983 3741 enim
996 3691 1123 3742 vilariote
1135 3691 1309 3743 samtarein
1321 3711 1374 3744 usu

299 3798 375 3849 quam
391 3777 489 3848 Lipsius
508 3776 615 3846 prefert.
639 3774 705 3823 Nam
724 3770 811 3822 inbac
861 3781 919 3819 erat
935 3767 974 3820 Gi.
988 3767 1140 3838 Eptxxvt,
1157 3767 1376 3834 to,not.Ruitk.

298 3874 429 3925 nunquam
431 3854 598 3924 sentinarum
612 3848 709 3901 mentio
720 3846 812 3919 injici·
893 3845 917 3897 6.
929 3847 1043 3898 Vestes...
1051 3847 1174 3899 adseclas
1183 3884 1190 3910 ,
1200 3845 1217 3897 i.
1225 3845 1324 3898 sericas.
1337 3847 1376 3898 lt.

299 3946 355 3995 tur,
368 3943 389 3982 e'.
411 3951 433 3982 c.
444 3929 512 4000 apud
529 3929 639 4001 Dionys.
659 3924 743 3978 ustie.
763 3926 824 3977 vtt·
895 3943 918 3990 7.
938 3923 991 3974 Res
1014 3941 1079 3974 suos
1098 3941 1283 3992 recognoscens.
1305 3923 1378 3976 Satis

299 4031 324 4080 p.
338 4009 386 4075 ⁴75
399 4026 453 4076 sqq.
465 4023 608 4058 neccarum
621 4001 692 4055 iocus
702 4023 755 4055 esse
766 4023 812 4075 po·
862 4013 918 4071 apte
932 3999 1008 4051 vertit
1019 3998 1176 4070 Lagconpe:
1190 3999 1247 4070 Qui
1255 4003 1376 4063 moluit,

301 4085 394 4138 tuitio
410 4085 454 4136 iila
466 4096 553 4135 contra
567 4100 659 4154 pompa
669 4094 693 4132 et
705 4079 813 4132 divitia·
859 4080 1077 4146 pouroinsidire,
1088 4096 1183 4145 passer
1193 4097 1240 4130 son
1252 4082 1381 4146 opulens-e

299 4173 356 4214 tum
368 4162 440 4236 copia
454 4174 478 4213 et
489 4175 625 4234 puerorum
641 4157 814 4211 seminarum-
862 4175 892 4208 en
903 4174 983 4208 revue.

301 4253 350 4309 qus
371 4237 503 4290 'servilium
516 4239 598 4300 ordo,
611 4237 639 4304 i.
652 4234 727 4288 series
747 4235 813 4288 lente
896 4232 1069 4302 &Occupobit
1077 4233 1209 4286 commode
1218 4233 1382 4288 eddabiar.
