2950 4934
281 327 345 416 los
580 333 1059 408 eunomianorum

681 560 736 626 De
757 563 901 629 wnicitt’a
913 565 937 628 ¹.

325 727 354 794 Ι.
375 729 433 815 (il)
450 727 482 794 le
499 729 629 797 tristior
648 755 748 824 quam
766 730 896 800 solebat
916 726 924 828 Ι
944 755 1008 801 o..
1030 757 1089 800 ru.
1115 731 1194 802 itte*
1213 758 1291 800 ..m
1308 784 1342 818 .,

277 837 335 934 sil
360 891 495 910 .......
510 841 1323 944 me...inad..{..aquaerentem.erm..l

281 1007 288 1036 2
303 1008 471 1026 ........
488 960 1344 1062 t.ni.se..iguem.aciecit....ltcralteri

279 1122 438 1142 ........
462 1071 872 1170 idita.............
898 1073 996 1174 loss.
1015 1074 1324 1170 ............Ι

274 1183 371 1276 plus.
386 1235 395 1252 .
410 1237 417 1252 .
434 1186 494 1256 .hi
509 1239 518 1257 .
533 1205 781 1281 conquesturus
806 1191 899 1280 yenit
917 1217 924 1257 :
941 1205 1110 1262 utcontra
1130 1213 1166 1260 se
1183 1190 1293 1259 edbrit
1309 1203 1344 1258 et

275 1298 492 1370 satisfacienti
508 1304 670 1373 satisfecit
688 1331 697 1372 ε
715 1327 785 1376 non
807 1307 919 1374 minus
947 1306 1006 1374 hic
1030 1305 1196 1376 sollicitus
1218 1304 1344 1372 fuitne

246 1457 252 1464 ·
276 1413 394 1483 iecisse
417 1417 593 1487 videretur
612 1420 772 1512 injuriam
795 1443 896 1512 qnam
924 1419 982 1488 itte
1005 1444 1049 1488 no
1074 1420 1245 1512 accepisse
1263 1445 1271 1486 ι
1286 1435 1345 1486 aut

126 1575 152 1605 u
169 1559 201 1624 ῃ
226 1554 244 1606 a
276 1547 369 1600 oertc
380 1531 470 1601 nihil
486 1531 502 1629 ΙΙ
518 1534 645 1604 resedit
658 1535 751 1626 quod
766 1549 935 1628 serperet,
956 1531 1017 1602 scd
1033 1535 1071 1600 in
1087 1533 1236 1601 medium
1250 1532 1345 1602 dedit

273 1665 418 1740 uterquc
434 1649 640 1719 offensiones
653 1673 750 1735 suas,
769 1665 803 1719 et
819 1649 905 1720 alter
922 1648 966 1717 ab
981 1647 1088 1718 altero
1105 1649 1274 1742 quidquid
1289 1649 1342 1717 ta-

273 1765 366 1833 tebat
382 1767 557 1859 expressit.
578 1751 760 1836 Familiare
776 1767 929 1860 jurgium
948 1790 1017 1835 non
1036 1765 1183 1858 judicem
1201 1765 1263 1834 sed
1283 1791 1344 1836 ar-

273 1881 399 1950 bitrum
426 1883 567 1975 quaerit,
592 1881 679 1949 nibil
695 1898 807 1951 autem
824 1883 1039 1974 componitur
1054 1884 1146 1950 inter
1162 1883 1340 1966 absentes,

310 2179 331 2211 a.
342 2159 385 2224 De
393 2162 519 2214 anacleta.
528 2160 605 2214 Hune
611 2161 712 2214 titulum
722 2181 785 2232 prpe
834 2161 896 2212 rima
907 2197 915 2226 ,
926 2179 982 2230 qua
994 2180 1048 2214 non
1058 2161 1139 2234 primo
1152 2159 1236 2214 solum
1248 2162 1340 2228 intutu,

273 2237 460 2308 seripsiuteasrt
467 2236 694 2306 aliquiszcteternm
703 2256 784 2308 neque
833 2237 875 2290 aed
888 2237 928 2288 vei
937 2237 1012 2290 vicies
1022 2249 1115 2290 tentata
1124 2278 1131 2303 ,
1141 2257 1241 2313 prorsus
1251 2239 1341 2314 despe-

274 2315 302 2366 in
314 2315 468 2368 membranis
476 2315 546 2370 odeat
556 2356 565 2382 ,
576 2336 658 2388 neque
668 2315 719 2370 boe
729 2335 785 2370 mo·
833 2311 912 2369 sanda
924 2315 1150 2381 retrudebantur,
1163 2316 1265 2369 undem
1277 2335 1342 2368 asse-

275 2391 309 2444 do
322 2393 454 2466 inscriptus
465 2392 528 2446 liber
539 2397 643 2448 Senecas
652 2389 801 2448 memora-'
833 2407 903 2448 cutus
921 2413 977 2446 sum
997 2413 1004 2448 ε
1021 2408 1123 2448 manent
1141 2406 1228 2448 tamen
1253 2395 1280 2449 in
1304 2393 1341 2448 bis

275 2483 334 2534 tnr;
353 2470 416 2540 quin
434 2467 492 2524 lieri
509 2472 591 2545 potnit
603 2483 649 2540 ut,
667 2491 724 2542 qut
741 2471 783 2524 bie
833 2473 1340 2548 Annaeanislacunae.proeriguoeorum

274 2545 396 2600 babemus
406 2585 414 2612 ,
424 2547 452 2600 in
465 2547 536 2602 libris
549 2549 652 2603 Moraiis
671 2549 782 2624 pbiloao·
831 2547 936 2602 modnio
944 2571 1059 2622 maguae,
1072 2551 1098 2604 in
1110 2549 1202 2622 quibus
1214 2550 1340 2622 explendis

274 2623 342 2696 pbioe
360 2625 516 2693 exstiterint,
532 2647 594 2698 quos
612 2647 639 2681 se
656 2627 782 2682 elaborare
831 2628 931 2681 utaiins
943 2629 1047 2683 Seneca
1058 2641 1173 2702 prestare
1184 2627 1261 2700 possit
1272 2627 1341 2699 quod

202 2734 207 2742 ·
274 2703 307 2755 ad
318 2703 446 2757 Lucilium
460 2705 557 2758 Seneca
567 2705 679 2778 scripsit,
695 2705 782 2778 perse·
831 2705 1118 2779 egoLivio,oplandum
1129 2717 1173 2759 est
1183 2704 1233 2758 cui
1246 2705 1282 2760 rei
1291 2725 1340 2776 qao

275 2793 377 2850 etosque
389 2793 414 2834 et
425 2782 503 2836 editos
515 2781 592 2847 fuisse
607 2799 636 2835 et
652 2783 782 2836 lactantio
832 2781 921 2834 melius
938 2804 963 2836 se
981 2781 1113 2856 accingant
1129 2782 1223 2836 oculati
1243 2795 1268 2834 et
1281 2803 1340 2834 eru-

273 2870 353 2930 patet,
365 2860 409 2931 qui
421 2860 530 2934 plurima
539 2861 600 2914 inde
614 2863 713 2933 profert.
727 2861 782 2913 l‘o-
832 2859 879 2912 diti
891 2859 937 2913 riri
946 2899 954 2920 ,
963 2881 978 2914 a
988 2863 1090 2914 senece
1100 2859 1207 2914 lectione
1219 2874 1339 2922 recentes,

273 2936 410 2990 tuitantem
418 2937 529 3004 Senem,
539 2938 682 2992 Aristotelis
691 2957 782 2991 erean-
832 2935 971 3006 meiiutque
983 2957 1059 3008 quam
1067 2957 1115 3010 ego
1126 2939 1253 3000 instructi,
1263 2957 1339 3008 qnutn

274 3013 345 3083 plum
358 3027 470 3081 seculus,
487 3014 602 3070 ubsoluta
618 3011 734 3069 doctrina
750 3016 781 3068 do
831 3013 879 3070 boe
891 3013 961 3082 loco,
970 3028 1024 3068 tum
1036 3014 1090 3068 aliis
1101 3013 1214 3086 ejusdem
1225 3027 1340 3078 natum

273 3091 386 3144 moribus
405 3105 480 3163 atque
497 3091 610 3155 ciliciis,
627 3094 656 3145 in
680 3091 731 3145 illis
750 3093 780 3145 de
830 3093 1059 3162 quaecumquevisu
1068 3093 1195 3166 percipere
1205 3093 1340 3166 potui,di·

273 3169 383 3222 amititia
396 3169 526 3224 disserere.
829 3169 937 3241 ligentur
949 3169 1081 3243 proposui.
1095 3189 1214 3223 vanuum
1224 3167 1338 3224 finesic·

306 3245 374 3298 ι.0..
382 3249 479 3300 tuille.
487 3247 647 3318 Quicumque
655 3247 780 3299 membra·
829 3247 924 3315 dicavi,
937 3248 1067 3319 inquibus
1080 3248 1190 3321 singuiis
1205 3247 1235 3300 ab
1245 3263 1288 3303 aut
1299 3267 1337 3316 17,

273 3343 364 3376 aarum
373 3324 548 3395 rescripturum
564 3323 687 3376 rationem
698 3335 780 3383 tenet,
832 3323 986 3398 raroplures,
998 3323 1091 3376 litteras
1098 3323 1223 3376 contineri
1233 3343 1340 3389 moneo;

274 3401 414 3456 divinando
434 3402 583 3455 tentandum
597 3421 711 3476 gressum
728 3420 782 3454 esse
832 3421 914 3472 neque
924 3421 968 3475 pro
981 3402 1010 3454 iis
1022 3401 1246 3476 reprehensionem
1257 3415 1340 3457 metuo

273 3481 336 3546 scit,
351 3481 506 3552 ubicumque
520 3480 648 3552 antiquior
661 3480 783 3553 scriptura
831 3480 876 3533 ubi
886 3480 914 3532 in
924 3479 1012 3534 litteris
1025 3492 1134 3532 erratum
1146 3480 1222 3533 luerit
1231 3517 1239 3546 ,
1249 3482 1340 3554 quippe

272 3558 394 3628 usquead
405 3557 525 3612 ductuum
537 3559 663 3613 excidium
676 3557 783 3611 obtine·
832 3558 875 3630 qui
886 3570 952 3610 certo
961 3558 1053 3622 sciam,
1065 3558 1249 3612 suecessoribus
1259 3559 1340 3612 inbac

274 3647 327 3690 rata
339 3677 348 3700 ,
360 3648 433 3706 atque
446 3657 462 3688 a
471 3638 624 3710 superposita
642 3634 792 3698 recentiore,
832 3655 908 3710 opera
919 3636 980 3689 meir
990 3635 1126 3708 plurimum
1139 3634 1278 3706 adjumenti
1289 3635 1341 3688 eoi-

275 3727 387 3769 conteeta
399 3715 782 3788 estteomparatisdeindeton-
831 3714 909 3767 iatum
929 3733 980 3766 esse
1000 3713 1051 3778 bis,
1066 3731 1123 3782 quar
1139 3713 1189 3765 nisi
1210 3713 1272 3766 alios
1286 3723 1341 3784 poet

274 3793 375 3864 jecturis
386 3815 444 3847 eum
457 3794 571 3865 illisque
579 3815 631 3847 nou
643 3794 698 3846 sine
706 3812 781 3845 acer-
832 3813 872 3846 nae
884 3791 980 3858 felicius
993 3789 1162 3844 elaboraturos
1180 3808 1233 3843 esse
1250 3809 1340 3864 apera-

275 3872 338 3923 rima
346 3871 477 3925 oculorum
490 3873 652 3926 contentione
663 3883 783 3943 apparent
831 3887 900 3932 rem,
913 3879 940 3918 ut
953 3865 1053 3918 inutilia
1063 3864 1208 3935 abjicerem.
1218 3892 1251 3906 -
1262 3865 1296 3918 Ex
1312 3885 1340 3934 tp

276 3949 493 4016 ductibus,rectae
504 3971 537 4004 ne
550 3971 582 4002 on
597 3950 665 4004 laba
675 3949 727 4002 sint
737 3947 782 3999 di·
832 3946 1027 4015 uniuscujusque
1053 3944 1151 4016 pagina
1176 3943 1286 3998 versibus
1311 3962 1342 3996 to

273 4028 545 4096 judicarittansviam
557 4027 782 4098 seeutnsqnumin
832 4026 871 4078 vui
896 4044 922 4076 tt
951 4023 1024 4093 primi
1043 4022 1197 4096 superposita
1220 4021 1341 4092 scriptura

276 4107 382 4159 Liuiano
395 4119 448 4160 tum
462 4107 539 4160 iobis
553 4106 712 4178 fragmentis,
726 4103 782 4177 piu·
832 4115 1016 4174 conteguntur:
1029 4101 1121 4170 reliqui
1134 4103 1162 4154 in
1173 4117 1287 4153 versuum
1303 4099 1342 4150 in·
