<?xml version="1.0" encoding="UTF-8"?>
<!DOCTYPE html PUBLIC "-//W3C//DTD XHTML 1.0 Transitional//EN"
    "http://www.w3.org/TR/xhtml1/DTD/xhtml1-transitional.dtd">
<html xmlns="http://www.w3.org/1999/xhtml" xml:lang="en" lang="en">
 <head>
  <title>
</title>
<meta http-equiv="Content-Type" content="text/html;charset=utf-8" />
  <meta name='ocr-system' content='tesseract 3.04.00' />
  <meta name='ocr-capabilities' content='ocr_page ocr_carea ocr_par ocr_line ocrx_word'/>
</head>
<body>
  <div class='ocr_page' id='page_1' title='image "./lannsenecparspr04bouigoog_0524.png"; bbox 0 0 2950 4934; ppageno 0'>
   <div class='ocr_carea' id='block_1_1' title="bbox 268 341 977 413">
    <p class='ocr_par' dir='ltr' id='par_1_1' title="bbox 268 341 977 413">
     <span class='ocr_line' id='line_1_1' title="bbox 268 341 977 413; baseline 0.003 -2"><span class='ocrx_word' id='word_1_1' title='bbox 268 343 336 411; x_wconf 77' lang='lat'><strong>516</strong></span> <span class='ocrx_word' id='word_1_2' title='bbox 642 341 792 411; x_wconf 85' lang='lat' dir='ltr'><strong>JUSTI</strong></span> <span class='ocrx_word' id='word_1_3' title='bbox 817 341 977 413; x_wconf 80' lang='lat' dir='ltr'><strong>LIPSII</strong></span> 
     </span>
    </p>
   </div>
   <div class='ocr_carea' id='block_1_2' title="bbox 263 483 1446 1212">
    <p class='ocr_par' dir='ltr' id='par_1_2' title="bbox 263 483 1446 1212">
     <span class='ocr_line' id='line_1_2' title="bbox 266 483 1346 568; baseline 0.004 -24"><span class='ocrx_word' id='word_1_4' title='bbox 266 496 375 568; x_wconf 80' lang='lat' dir='ltr'><strong>potest,</strong></span> <span class='ocrx_word' id='word_1_5' title='bbox 392 497 421 544; x_wconf 90' lang='lat' dir='ltr'><strong>et</strong></span> <span class='ocrx_word' id='word_1_6' title='bbox 435 497 467 544; x_wconf 88' lang='lat' dir='ltr'><strong>ut</strong></span> <span class='ocrx_word' id='word_1_7' title='bbox 483 483 560 544; x_wconf 83' lang='lat' dir='ltr'><strong>dicta</strong></span> <span class='ocrx_word' id='word_1_8' title='bbox 576 505 633 542; x_wconf 91' lang='lat' dir='ltr'><strong>non</strong></span> <span class='ocrx_word' id='word_1_9' title='bbox 653 486 775 558; x_wconf 87' lang='lat' dir='ltr'><strong>iterem,</strong></span> <span class='ocrx_word' id='word_1_10' title='bbox 796 485 875 567; x_wconf 85' lang='lat' dir='ltr'><strong>quod</strong></span> <span class='ocrx_word' id='word_1_11' title='bbox 891 487 950 548; x_wconf 91' lang='lat' dir='ltr'><strong>odi.</strong></span> <span class='ocrx_word' id='word_1_12' title='bbox 967 488 1036 548; x_wconf 71' lang='lat' dir='ltr'><strong>Tria</strong></span> <span class='ocrx_word' id='word_1_13' title='bbox 1052 488 1129 546; x_wconf 81' lang='lat' dir='ltr'><strong>visus</strong></span> <span class='ocrx_word' id='word_1_14' title='bbox 1141 487 1267 567; x_wconf 78' lang='lat' dir='ltr'><strong>objicere</strong></span> <span class='ocrx_word' id='word_1_15' title='bbox 1284 485 1346 548; x_wconf 76' lang='lat' dir='ltr'><strong>Bc-</strong></span> 
     </span>
     <span class='ocr_line' id='line_1_3' title="bbox 265 589 1346 666; baseline 0.001 -13"><span class='ocrx_word' id='word_1_16' title='bbox 265 594 346 653; x_wconf 86' lang='lat' dir='ltr'><strong>nitnti</strong></span> <span class='ocrx_word' id='word_1_17' title='bbox 361 605 389 652; x_wconf 88' lang='lat' dir='ltr'><strong>et</strong></span> <span class='ocrx_word' id='word_1_18' title='bbox 403 589 609 664; x_wconf 65' lang='lat' dir='ltr'><strong>Providentia,</strong></span> <span class='ocrx_word' id='word_1_19' title='bbox 622 589 781 652; x_wconf 64' lang='lat' dir='ltr'><strong>Noomin</strong></span> <span class='ocrx_word' id='word_1_20' title='bbox 792 595 885 666; x_wconf 84' lang='lat' dir='ltr'><strong>maia,</strong></span> <span class='ocrx_word' id='word_1_21' title='bbox 903 592 1037 664; x_wconf 82' lang='lat' dir='ltr'><strong>Inter-nn,</strong></span> <span class='ocrx_word' id='word_1_22' title='bbox 1053 606 1083 653; x_wconf 88' lang='lat' dir='ltr'><strong>ct</strong></span> <span class='ocrx_word' id='word_1_23' title='bbox 1093 591 1234 654; x_wconf 66' lang='lat' dir='ltr'><strong>Ecum</strong></span> <span class='ocrx_word' id='word_1_24' title='bbox 1246 594 1346 654; x_wconf 77' lang='lat' dir='ltr'><strong>Nutu-</strong></span> 
     </span>
     <span class='ocr_line' id='line_1_4' title="bbox 264 697 1345 781; baseline -0.001 -21"><span class='ocrx_word' id='word_1_25' title='bbox 264 702 357 770; x_wconf 84' lang='lat' dir='ltr'><strong>rnlr&#39;c,</strong></span> <span class='ocrx_word' id='word_1_26' title='bbox 383 722 447 780; x_wconf 75' lang='lat' dir='ltr'><strong>qnae</strong></span> <span class='ocrx_word' id='word_1_27' title='bbox 471 699 565 780; x_wconf 90' lang='lat' dir='ltr'><strong>primo</strong></span> <span class='ocrx_word' id='word_1_28' title='bbox 590 710 619 756; x_wconf 88' lang='lat' dir='ltr'><strong>ct</strong></span> <span class='ocrx_word' id='word_1_29' title='bbox 636 719 688 778; x_wconf 89' lang='lat' dir='ltr'><strong>per</strong></span> <span class='ocrx_word' id='word_1_30' title='bbox 706 719 738 757; x_wconf 81' lang='lat' dir='ltr'><strong>sc</strong></span> <span class='ocrx_word' id='word_1_31' title='bbox 759 721 776 757; x_wconf 85' lang='lat' dir='ltr'><strong>a</strong></span> <span class='ocrx_word' id='word_1_32' title='bbox 796 697 902 758; x_wconf 81' lang='lat' dir='ltr'><strong>Natrna</strong></span> <span class='ocrx_word' id='word_1_33' title='bbox 922 699 1077 772; x_wconf 57' lang='lat' dir='ltr'><strong>videntum</strong></span> <span class='ocrx_word' id='word_1_34' title='bbox 1093 721 1184 781; x_wconf 81' lang='lat' dir='ltr'><strong>caque</strong></span> <span class='ocrx_word' id='word_1_35' title='bbox 1199 699 1345 781; x_wconf 76' lang='lat' dir='ltr'>duplicia,</span> 
     </span>
     <span class='ocr_line' id='line_1_5' title="bbox 265 801 1346 885; baseline -0.002 -19"><span class='ocrx_word' id='word_1_36' title='bbox 265 804 348 866; x_wconf 78' lang='lat' dir='ltr'><strong>Rom</strong></span> <span class='ocrx_word' id='word_1_37' title='bbox 365 817 394 866; x_wconf 89' lang='lat' dir='ltr'><strong>et</strong></span> <span class='ocrx_word' id='word_1_38' title='bbox 415 804 551 882; x_wconf 74' lang='lat' dir='ltr'><strong>Vulgata.</strong></span> <span class='ocrx_word' id='word_1_39' title='bbox 569 801 669 873; x_wconf 78' lang='lat' dir='ltr'><strong>Ram,</strong></span> <span class='ocrx_word' id='word_1_40' title='bbox 688 824 751 884; x_wconf 77' lang='lat' dir='ltr'><strong>quae</strong></span> <span class='ocrx_word' id='word_1_41' title='bbox 766 825 825 864; x_wconf 91' lang='lat' dir='ltr'><strong>non</strong></span> <span class='ocrx_word' id='word_1_42' title='bbox 840 803 887 864; x_wconf 78' lang='lat' dir='ltr'><strong>via</strong></span> <span class='ocrx_word' id='word_1_43' title='bbox 904 805 1005 878; x_wconf 88' lang='lat' dir='ltr'><strong>solita,</strong></span> <span class='ocrx_word' id='word_1_44' title='bbox 1021 827 1074 865; x_wconf 88' lang='lat' dir='ltr'><strong>nec</strong></span> <span class='ocrx_word' id='word_1_45' title='bbox 1094 827 1218 885; x_wconf 85' lang='lat' dir='ltr'><strong>semper,</strong></span> <span class='ocrx_word' id='word_1_46' title='bbox 1236 806 1289 865; x_wconf 88' lang='lat' dir='ltr'><strong>sed</strong></span> <span class='ocrx_word' id='word_1_47' title='bbox 1307 807 1346 864; x_wconf 84' lang='lat' dir='ltr'><strong>ob</strong></span> 
     </span>
     <span class='ocr_line' id='line_1_6' title="bbox 264 906 1344 989; baseline -0.002 -19"><span class='ocrx_word' id='word_1_48' title='bbox 264 932 379 972; x_wconf 80' lang='lat' dir='ltr'><strong>causam</strong></span> <span class='ocrx_word' id='word_1_49' title='bbox 405 911 569 971; x_wconf 81' lang='lat' dir='ltr'><strong>eveniunt=</strong></span> <span class='ocrx_word' id='word_1_50' title='bbox 592 908 716 989; x_wconf 88' lang='lat' dir='ltr'><strong>ideoque</strong></span> <span class='ocrx_word' id='word_1_51' title='bbox 737 906 870 969; x_wconf 79' lang='lat' dir='ltr'><strong>Monstro</strong></span> <span class='ocrx_word' id='word_1_52' title='bbox 894 923 944 970; x_wconf 85' lang='lat' dir='ltr'><strong>eut</strong></span> <span class='ocrx_word' id='word_1_53' title='bbox 964 910 1099 988; x_wconf 69' lang='lat' dir='ltr'><strong>Prodigia</strong></span> <span class='ocrx_word' id='word_1_54' title='bbox 1130 931 1277 969; x_wconf 82' lang='lat' dir='ltr'><strong>vocamus.</strong></span> <span class='ocrx_word' id='word_1_55' title='bbox 1302 909 1344 968; x_wconf 78' lang='lat' dir='ltr'><strong>Ea</strong></span> 
     </span>
     <span class='ocr_line' id='line_1_7' title="bbox 264 1011 1347 1096; baseline -0.003 -20"><span class='ocrx_word' id='word_1_56' title='bbox 264 1017 325 1077; x_wconf 85' lang='lat' dir='ltr'><strong>fere</strong></span> <span class='ocrx_word' id='word_1_57' title='bbox 340 1028 425 1088; x_wconf 83' lang='lat' dir='ltr'><strong>sunt,</strong></span> <span class='ocrx_word' id='word_1_58' title='bbox 439 1016 471 1074; x_wconf 94' lang='lat' dir='ltr'><strong>in</strong></span> <span class='ocrx_word' id='word_1_59' title='bbox 485 1013 630 1085; x_wconf 70' lang='lat' dir='ltr'><strong>Excessit,</strong></span> <span class='ocrx_word' id='word_1_60' title='bbox 643 1011 775 1096; x_wconf 77' lang='lat' dir='ltr'><strong>Desecm,</strong></span> <span class='ocrx_word' id='word_1_61' title='bbox 789 1014 941 1084; x_wconf 60' lang='lat' dir='ltr'><strong>Memnone,</strong></span> <span class='ocrx_word' id='word_1_62' title='bbox 955 1015 1053 1075; x_wconf 82' lang='lat' dir='ltr'><strong>Modo.</strong></span> <span class='ocrx_word' id='word_1_63' title='bbox 1065 1013 1205 1082; x_wconf 72' lang='lat' dir='ltr'><strong>Excessu.</strong></span> <span class='ocrx_word' id='word_1_64' title='bbox 1217 1027 1251 1074; x_wconf 92' lang='lat' dir='ltr'><strong>ut</strong></span> <span class='ocrx_word' id='word_1_65' title='bbox 1260 1013 1347 1074; x_wconf 87' lang='lat' dir='ltr'><strong>homo</strong></span> 
     </span>
     <span class='ocr_line' id='line_1_8' title="bbox 263 1099 1446 1212; baseline 0.001 -29"><span class='ocrx_word' id='word_1_66' title='bbox 263 1125 380 1206; x_wconf 85' lang='lat' dir='ltr'><strong>biceps,</strong></span> <span class='ocrx_word' id='word_1_67' title='bbox 394 1099 614 1206; x_wconf 69' lang='lat' dir='ltr'><strong>quadrimanus,</strong></span> <span class='ocrx_word' id='word_1_68' title='bbox 636 1123 734 1212; x_wconf 82' lang='lat' dir='ltr'><strong>tripes.</strong></span> <span class='ocrx_word' id='word_1_69' title='bbox 755 1119 892 1204; x_wconf 82' lang='lat' dir='ltr'><strong>Desectu,</strong></span> <span class='ocrx_word' id='word_1_70' title='bbox 909 1137 941 1183; x_wconf 92' lang='lat' dir='ltr'><strong>ut</strong></span> <span class='ocrx_word' id='word_1_71' title='bbox 956 1123 1088 1206; x_wconf 86' lang='lat' dir='ltr'><strong>Unipes,</strong></span> <span class='ocrx_word' id='word_1_72' title='bbox 1106 1135 1157 1182; x_wconf 88' lang='lat' dir='ltr'><strong>aut</strong></span> <span class='ocrx_word' id='word_1_73' title='bbox 1169 1123 1343 1182; x_wconf 83' lang='lat' dir='ltr'><strong>Unimanus.</strong></span> <span class='ocrx_word' id='word_1_74' title='bbox 1445 1181 1446 1184; x_wconf 74' lang='grc'>,</span> 
     </span>
    </p>
   </div>
   <div class='ocr_carea' id='block_1_3' title="bbox 263 1229 1446 1312">
    <p class='ocr_par' dir='ltr' id='par_1_3' title="bbox 263 1229 1446 1312">
     <span class='ocr_line' id='line_1_9' title="bbox 263 1229 1446 1312; baseline -0.003 -22"><span class='ocrx_word' id='word_1_75' title='bbox 263 1231 425 1302; x_wconf 71' lang='lat' dir='ltr'><strong>Mr‘otmnc,</strong></span> <span class='ocrx_word' id='word_1_76' title='bbox 443 1245 477 1291; x_wconf 88' lang='lat' dir='ltr'><strong>ut</strong></span> <span class='ocrx_word' id='word_1_77' title='bbox 489 1231 586 1292; x_wconf 78' lang='lat' dir='ltr'><strong>Homo</strong></span> <span class='ocrx_word' id='word_1_78' title='bbox 599 1230 718 1311; x_wconf 88' lang='lat' dir='ltr'><strong>porcino</strong></span> <span class='ocrx_word' id='word_1_79' title='bbox 732 1231 845 1312; x_wconf 86' lang='lat' dir='ltr'><strong>capite,</strong></span> <span class='ocrx_word' id='word_1_80' title='bbox 861 1231 976 1293; x_wconf 87' lang='lat' dir='ltr'><strong>Vitulus</strong></span> <span class='ocrx_word' id='word_1_81' title='bbox 997 1231 1132 1291; x_wconf 85' lang='lat' dir='ltr'><strong>humano.</strong></span> <span class='ocrx_word' id='word_1_82' title='bbox 1151 1229 1260 1301; x_wconf 85' lang='lat' dir='ltr'><strong>Modo,</strong></span> <span class='ocrx_word' id='word_1_83' title='bbox 1287 1232 1346 1290; x_wconf 67' lang='lat' dir='ltr'><strong>niu</strong></span> <span class='ocrx_word' id='word_1_84' title='bbox 1445 1233 1446 1262; x_wconf 64' lang='lat'><em>³</em></span> 
     </span>
    </p>
   </div>
   <div class='ocr_carea' id='block_1_4' title="bbox 266 1337 1345 1420">
    <p class='ocr_par' dir='ltr' id='par_1_4' title="bbox 266 1337 1345 1420">
     <span class='ocr_line' id='line_1_10' title="bbox 266 1337 1345 1420; baseline -0.001 -24"><span class='ocrx_word' id='word_1_85' title='bbox 266 1339 295 1396; x_wconf 93' lang='lat' dir='ltr'><strong>in</strong></span> <span class='ocrx_word' id='word_1_86' title='bbox 315 1337 518 1420; x_wconf 85' lang='lat' dir='ltr'><strong>Magnitudine</strong></span> <span class='ocrx_word' id='word_1_87' title='bbox 533 1350 562 1398; x_wconf 86' lang='lat' dir='ltr'><strong>et</strong></span> <span class='ocrx_word' id='word_1_88' title='bbox 575 1358 724 1412; x_wconf 83' lang='lat' dir='ltr'><strong>mensura,</strong></span> <span class='ocrx_word' id='word_1_89' title='bbox 741 1359 844 1420; x_wconf 82' lang='lat' dir='ltr'><strong>magna</strong></span> <span class='ocrx_word' id='word_1_90' title='bbox 861 1340 964 1412; x_wconf 88' lang='lat' dir='ltr'><strong>nimis,</strong></span> <span class='ocrx_word' id='word_1_91' title='bbox 983 1340 1043 1398; x_wconf 85' lang='lat' dir='ltr'><strong>sive</strong></span> <span class='ocrx_word' id='word_1_92' title='bbox 1053 1359 1145 1419; x_wconf 78' lang='lat' dir='ltr'><strong>‚parva</strong></span> <span class='ocrx_word' id='word_1_93' title='bbox 1160 1361 1168 1396; x_wconf 73' lang='grc' dir='ltr'><strong>ε</strong></span> <span class='ocrx_word' id='word_1_94' title='bbox 1182 1350 1215 1396; x_wconf 90' lang='lat' dir='ltr'><strong>ut</strong></span> <span class='ocrx_word' id='word_1_95' title='bbox 1227 1337 1345 1419; x_wconf 69' lang='lat' dir='ltr'><strong>Gyges,</strong></span> 
     </span>
    </p>
   </div>
   <div class='ocr_carea' id='block_1_5' title="bbox 264 1443 1446 1526">
    <p class='ocr_par' dir='ltr' id='par_1_5' title="bbox 264 1443 1446 1526">
     <span class='ocr_line' id='line_1_11' title="bbox 264 1443 1446 1526; baseline -0.003 -22"><span class='ocrx_word' id='word_1_96' title='bbox 264 1456 297 1504; x_wconf 90' lang='lat' dir='ltr'><strong>ut</strong></span> <span class='ocrx_word' id='word_1_97' title='bbox 316 1445 436 1514; x_wconf 53' lang='lat' dir='ltr'><strong>Nonum</strong></span> <span class='ocrx_word' id='word_1_98' title='bbox 453 1445 514 1506; x_wconf 84' lang='lat' dir='ltr'><strong>sivo</strong></span> <span class='ocrx_word' id='word_1_99' title='bbox 537 1445 624 1504; x_wconf 85' lang='lat' dir='ltr'><strong>etiam</strong></span> <span class='ocrx_word' id='word_1_100' title='bbox 641 1445 671 1502; x_wconf 94' lang='lat' dir='ltr'><strong>in</strong></span> <span class='ocrx_word' id='word_1_101' title='bbox 693 1445 756 1504; x_wconf 68' lang='lat' dir='ltr'><strong>Siai</strong></span> <span class='ocrx_word' id='word_1_102' title='bbox 772 1444 963 1504; x_wconf 88' lang='lat' dir='ltr'><strong>membrorum</strong></span> <span class='ocrx_word' id='word_1_103' title='bbox 979 1447 1182 1526; x_wconf 87' lang='lat' dir='ltr'><strong>partiumque,</strong></span> <span class='ocrx_word' id='word_1_104' title='bbox 1203 1457 1238 1504; x_wconf 92' lang='lat' dir='ltr'><strong>ut</strong></span> <span class='ocrx_word' id='word_1_105' title='bbox 1254 1443 1347 1525; x_wconf 85' lang='lat' dir='ltr'><strong>Caput</strong></span> <span class='ocrx_word' id='word_1_106' title='bbox 1445 1447 1446 1450; x_wconf 72' lang='grc'>’</span> 
     </span>
    </p>
   </div>
   <div class='ocr_carea' id='block_1_6' title="bbox 258 1547 1350 2794">
    <p class='ocr_par' dir='ltr' id='par_1_6' title="bbox 258 1547 1350 2794">
     <span class='ocr_line' id='line_1_12' title="bbox 265 1547 1348 1633; baseline -0.002 -23"><span class='ocrx_word' id='word_1_107' title='bbox 265 1552 296 1610; x_wconf 93' lang='lat' dir='ltr'><strong>in</strong></span> <span class='ocrx_word' id='word_1_108' title='bbox 311 1550 439 1623; x_wconf 79' lang='lat' dir='ltr'><strong>femore,</strong></span> <span class='ocrx_word' id='word_1_109' title='bbox 456 1547 539 1608; x_wconf 83' lang='lat' dir='ltr'><strong>Oculi</strong></span> <span class='ocrx_word' id='word_1_110' title='bbox 555 1549 586 1607; x_wconf 91' lang='lat' dir='ltr'><strong>in</strong></span> <span class='ocrx_word' id='word_1_111' title='bbox 602 1561 741 1631; x_wconf 79' lang='lat' dir='ltr'><strong>pectore:</strong></span> <span class='ocrx_word' id='word_1_112' title='bbox 756 1563 784 1611; x_wconf 89' lang='lat' dir='ltr'><strong>et</strong></span> <span class='ocrx_word' id='word_1_113' title='bbox 802 1573 861 1610; x_wconf 89' lang='lat' dir='ltr'><strong>uno</strong></span> <span class='ocrx_word' id='word_1_114' title='bbox 878 1552 985 1625; x_wconf 88' lang='lat' dir='ltr'><strong>verbo,</strong></span> <span class='ocrx_word' id='word_1_115' title='bbox 1003 1551 1145 1633; x_wconf 87' lang='lat' dir='ltr'><strong>quidquid</strong></span> <span class='ocrx_word' id='word_1_116' title='bbox 1167 1563 1249 1609; x_wconf 84' lang='lat' dir='ltr'><strong>extra</strong></span> <span class='ocrx_word' id='word_1_117' title='bbox 1264 1571 1348 1608; x_wconf 86' lang='lat' dir='ltr'><strong>com-</strong></span> 
     </span>
     <span class='ocr_line' id='line_1_13' title="bbox 267 1654 1349 1741; baseline 0 -24"><span class='ocrx_word' id='word_1_118' title='bbox 267 1679 386 1717; x_wconf 83' lang='lat' dir='ltr'><strong>munem</strong></span> <span class='ocrx_word' id='word_1_119' title='bbox 399 1655 529 1718; x_wconf 82' lang='lat' dir='ltr'>ordinem</span> <span class='ocrx_word' id='word_1_120' title='bbox 539 1654 690 1739; x_wconf 71' lang='lat' dir='ltr'><strong>legemque</strong></span> <span class='ocrx_word' id='word_1_121' title='bbox 703 1657 858 1741; x_wconf 79' lang='lat' dir='ltr'><strong>profertur.</strong></span> <span class='ocrx_word' id='word_1_122' title='bbox 868 1658 906 1718; x_wconf 75' lang='lat' dir='ltr'><strong>At</strong></span> <span class='ocrx_word' id='word_1_123' title='bbox 921 1659 951 1719; x_wconf 82' lang='lat' dir='ltr'><em>V</em></span> <span class='ocrx_word' id='word_1_124' title='bbox 948 1661 1046 1738; x_wconf 60' lang='lat' dir='ltr'><strong>utputa</strong></span> <span class='ocrx_word' id='word_1_125' title='bbox 1056 1671 1138 1732; x_wconf 82' lang='lat' dir='ltr'><strong>sunt,</strong></span> <span class='ocrx_word' id='word_1_126' title='bbox 1153 1681 1218 1740; x_wconf 74' lang='lat' dir='ltr'><strong>qun</strong></span> <span class='ocrx_word' id='word_1_127' title='bbox 1234 1679 1349 1738; x_wconf 80' lang='lat' dir='ltr'>semper</span> 
     </span>
     <span class='ocr_line' id='line_1_14' title="bbox 267 1763 1347 1848; baseline 0.001 -25"><span class='ocrx_word' id='word_1_128' title='bbox 267 1775 297 1823; x_wconf 88' lang='lat' dir='ltr'><strong>et</strong></span> <span class='ocrx_word' id='word_1_129' title='bbox 309 1785 361 1822; x_wconf 77' lang='lat' dir='ltr'><strong>sua</strong></span> <span class='ocrx_word' id='word_1_130' title='bbox 374 1763 472 1824; x_wconf 79' lang='lat' dir='ltr'><strong>indole</strong></span> <span class='ocrx_word' id='word_1_131' title='bbox 484 1763 552 1824; x_wconf 86' lang='lat' dir='ltr'><strong>talia</strong></span> <span class='ocrx_word' id='word_1_132' title='bbox 567 1785 576 1835; x_wconf 77' lang='lat'>3</span> <span class='ocrx_word' id='word_1_133' title='bbox 591 1776 620 1824; x_wconf 89' lang='lat' dir='ltr'><strong>et</strong></span> <span class='ocrx_word' id='word_1_134' title='bbox 633 1763 708 1825; x_wconf 83' lang='lat' dir='ltr'><strong>facta</strong></span> <span class='ocrx_word' id='word_1_135' title='bbox 720 1779 844 1848; x_wconf 86' lang='lat' dir='ltr'><strong>natoque</strong></span> <span class='ocrx_word' id='word_1_136' title='bbox 855 1765 988 1826; x_wconf 87' lang='lat' dir='ltr'><strong>videntur</strong></span> <span class='ocrx_word' id='word_1_137' title='bbox 1002 1767 1031 1825; x_wconf 89' lang='lat' dir='ltr'><strong>in</strong></span> <span class='ocrx_word' id='word_1_138' title='bbox 1043 1767 1150 1826; x_wconf 86' lang='lat' dir='ltr'><strong>malum</strong></span> <span class='ocrx_word' id='word_1_139' title='bbox 1161 1779 1212 1825; x_wconf 87' lang='lat' dir='ltr'><strong>nut</strong></span> <span class='ocrx_word' id='word_1_140' title='bbox 1223 1787 1347 1837; x_wconf 71' lang='lat' dir='ltr'><strong>nomm,</strong></span> 
     </span>
     <span class='ocr_line' id='line_1_15' title="bbox 266 1869 1350 1955; baseline 0.003 -27"><span class='ocrx_word' id='word_1_141' title='bbox 266 1882 300 1929; x_wconf 91' lang='lat' dir='ltr'><strong>nt</strong></span> <span class='ocrx_word' id='word_1_142' title='bbox 313 1884 381 1930; x_wconf 90' lang='lat' dir='ltr'><strong>sunt</strong></span> <span class='ocrx_word' id='word_1_143' title='bbox 394 1869 564 1952; x_wconf 76' lang='lat' dir='ltr'><strong>Serpentes,</strong></span> <span class='ocrx_word' id='word_1_144' title='bbox 580 1869 659 1931; x_wconf 68' lang='lat' dir='ltr'><strong>Ferae</strong></span> <span class='ocrx_word' id='word_1_145' title='bbox 672 1873 822 1954; x_wconf 65' lang='lat' dir='ltr'><strong>medam,</strong></span> <span class='ocrx_word' id='word_1_146' title='bbox 838 1874 978 1948; x_wconf 81' lang='lat' dir='ltr'><strong>Venena,</strong></span> <span class='ocrx_word' id='word_1_147' title='bbox 994 1887 1023 1934; x_wconf 90' lang='lat' dir='ltr'><strong>et</strong></span> <span class='ocrx_word' id='word_1_148' title='bbox 1036 1896 1099 1955; x_wconf 79' lang='lat' dir='ltr'><strong>quae</strong></span> <span class='ocrx_word' id='word_1_149' title='bbox 1115 1875 1177 1953; x_wconf 82' lang='lat' dir='ltr'><strong>ejus</strong></span> <span class='ocrx_word' id='word_1_150' title='bbox 1192 1873 1278 1932; x_wconf 87' lang='lat' dir='ltr'><strong>sortis</strong></span> <span class='ocrx_word' id='word_1_151' title='bbox 1295 1893 1350 1931; x_wconf 90' lang='lat' dir='ltr'><strong>oc-</strong></span> 
     </span>
     <span class='ocr_line' id='line_1_16' title="bbox 267 1977 1350 2059; baseline 0 -23"><span class='ocrx_word' id='word_1_152' title='bbox 267 1990 397 2036; x_wconf 86' lang='lat' dir='ltr'><strong>currunt.</strong></span> <span class='ocrx_word' id='word_1_153' title='bbox 414 1977 484 2036; x_wconf 66' lang='lat' dir='ltr'><strong>lice</strong></span> <span class='ocrx_word' id='word_1_154' title='bbox 499 1978 619 2057; x_wconf 75' lang='lat' dir='ltr'><strong>objicis,</strong></span> <span class='ocrx_word' id='word_1_155' title='bbox 641 1980 743 2059; x_wconf 86' lang='lat' dir='ltr'><strong>etjam</strong></span> <span class='ocrx_word' id='word_1_156' title='bbox 765 1980 833 2040; x_wconf 84' lang='lat' dir='ltr'><strong>oiim</strong></span> <span class='ocrx_word' id='word_1_157' title='bbox 848 1980 895 2039; x_wconf 92' lang='lat' dir='ltr'><strong>nlii</strong></span> <span class='ocrx_word' id='word_1_158' title='bbox 912 1980 1059 2040; x_wconf 81' lang='lat' dir='ltr'><strong>:breviter</strong></span> <span class='ocrx_word' id='word_1_159' title='bbox 1073 1992 1103 2040; x_wconf 91' lang='lat' dir='ltr'><strong>et</strong></span> <span class='ocrx_word' id='word_1_160' title='bbox 1116 1979 1219 2040; x_wconf 87' lang='lat' dir='ltr'><strong>leviter</strong></span> <span class='ocrx_word' id='word_1_161' title='bbox 1239 1977 1350 2038; x_wconf 77' lang='lat' dir='ltr'><strong>resuta-</strong></span> 
     </span>
     <span class='ocr_line' id='line_1_17' title="bbox 265 2077 1350 2166; baseline -0.001 -24"><span class='ocrx_word' id='word_1_162' title='bbox 265 2103 341 2142; x_wconf 88' lang='lat' dir='ltr'><strong>mus.</strong></span> <span class='ocrx_word' id='word_1_163' title='bbox 360 2083 488 2142; x_wconf 89' lang='lat' dir='ltr'><strong>Primum</strong></span> <span class='ocrx_word' id='word_1_164' title='bbox 512 2081 550 2143; x_wconf 88' lang='lat' dir='ltr'><strong>de</strong></span> <span class='ocrx_word' id='word_1_165' title='bbox 571 2079 681 2144; x_wconf 68' lang='lat' dir='ltr'><strong>Rmz&#39;s:</strong></span> <span class='ocrx_word' id='word_1_166' title='bbox 695 2077 819 2146; x_wconf 78' lang='lat' dir='ltr'><strong>fatemur</strong></span> <span class='ocrx_word' id='word_1_167' title='bbox 834 2107 869 2145; x_wconf 85' lang='lat' dir='ltr'><strong>en</strong></span> <span class='ocrx_word' id='word_1_168' title='bbox 883 2098 1000 2158; x_wconf 85' lang='lat' dir='ltr'><strong>contra,</strong></span> <span class='ocrx_word' id='word_1_169' title='bbox 1023 2097 1071 2144; x_wconf 86' lang='lat' dir='ltr'><strong>aut</strong></span> <span class='ocrx_word' id='word_1_170' title='bbox 1087 2098 1190 2166; x_wconf 74' lang='lat' dir='ltr'><strong>preter</strong></span> <span class='ocrx_word' id='word_1_171' title='bbox 1213 2082 1350 2142; x_wconf 81' lang='lat' dir='ltr'><strong>Particu-</strong></span> 
     </span>
     <span class='ocr_line' id='line_1_18' title="bbox 265 2189 1346 2270; baseline -0.002 -22"><span class='ocrx_word' id='word_1_172' title='bbox 265 2190 355 2248; x_wconf 86' lang='lat' dir='ltr'><strong>larem</strong></span> <span class='ocrx_word' id='word_1_173' title='bbox 368 2190 508 2268; x_wconf 79' lang='lat' dir='ltr'><strong>cujusque</strong></span> <span class='ocrx_word' id='word_1_174' title='bbox 522 2190 634 2270; x_wconf 73' lang='lat' dir='ltr'><strong>generis</strong></span> <span class='ocrx_word' id='word_1_175' title='bbox 648 2202 780 2252; x_wconf 76' lang='lat' dir='ltr'><strong>naturam</strong></span> <span class='ocrx_word' id='word_1_176' title='bbox 795 2213 876 2266; x_wconf 86' lang='lat' dir='ltr'><strong>esse,</strong></span> <span class='ocrx_word' id='word_1_177' title='bbox 895 2191 948 2252; x_wconf 88' lang='lat' dir='ltr'><strong>sed</strong></span> <span class='ocrx_word' id='word_1_178' title='bbox 962 2213 1019 2252; x_wconf 91' lang='lat' dir='ltr'><strong>non</strong></span> <span class='ocrx_word' id='word_1_179' title='bbox 1034 2203 1132 2252; x_wconf 81' lang='lat' dir='ltr'><strong>contra</strong></span> <span class='ocrx_word' id='word_1_180' title='bbox 1144 2189 1346 2250; x_wconf 82' lang='lat' dir='ltr'>Communem.</span> 
     </span>
     <span class='ocr_line' id='line_1_19' title="bbox 267 2286 1348 2377; baseline -0.002 -23"><span class='ocrx_word' id='word_1_181' title='bbox 267 2294 431 2354; x_wconf 79' lang='lat' dir='ltr'><strong>Aristoteles</strong></span> <span class='ocrx_word' id='word_1_182' title='bbox 453 2291 518 2374; x_wconf 83' lang='lat' dir='ltr'><strong>(lv</strong></span> <span class='ocrx_word' id='word_1_183' title='bbox 536 2293 582 2353; x_wconf 87' lang='lat' dir='ltr'><strong>De</strong></span> <span class='ocrx_word' id='word_1_184' title='bbox 600 2286 738 2356; x_wconf 73' lang='lat' dir='ltr'><strong>Generat.</strong></span> <span class='ocrx_word' id='word_1_185' title='bbox 763 2294 915 2377; x_wconf 79' lang='lat' dir='ltr'><strong>Animal.)</strong></span> <span class='ocrx_word' id='word_1_186' title='bbox 935 2319 944 2354; x_wconf 79' lang='lat' dir='ltr'><strong>r</strong></span> <span class='ocrx_word' id='word_1_187' title='bbox 971 2323 986 2350; x_wconf 76' lang='lat' dir='ltr'><strong>a</strong></span> <span class='ocrx_word' id='word_1_188' title='bbox 1000 2296 1224 2356; x_wconf 83' lang='lat' dir='ltr'><strong>Monstrumest</strong></span> <span class='ocrx_word' id='word_1_189' title='bbox 1236 2295 1348 2375; x_wconf 82' lang='lat' dir='ltr'><strong>aliquid</strong></span> 
     </span>
     <span class='ocr_line' id='line_1_20' title="bbox 258 2398 1348 2483; baseline -0.003 -23"><span class='ocrx_word' id='word_1_190' title='bbox 258 2403 368 2483; x_wconf 74' lang='lat' dir='ltr'><strong>&#39;preter</strong></span> <span class='ocrx_word' id='word_1_191' title='bbox 381 2398 539 2474; x_wconf 73' lang='lat' dir='ltr'><strong>Nasuam,</strong></span> <span class='ocrx_word' id='word_1_192' title='bbox 562 2398 615 2459; x_wconf 87' lang='lat' dir='ltr'><strong>sed</strong></span> <span class='ocrx_word' id='word_1_193' title='bbox 630 2421 768 2476; x_wconf 89' lang='lat' dir='ltr'><strong>omnem,</strong></span> <span class='ocrx_word' id='word_1_194' title='bbox 791 2401 870 2462; x_wconf 84' lang='lat' dir='ltr'><strong>illam</strong></span> <span class='ocrx_word' id='word_1_195' title='bbox 884 2413 992 2460; x_wconf 82' lang='lat' dir='ltr'><strong>tantum</strong></span> <span class='ocrx_word' id='word_1_196' title='bbox 1008 2423 1072 2482; x_wconf 78' lang='lat' dir='ltr'><strong>quae</strong></span> <span class='ocrx_word' id='word_1_197' title='bbox 1089 2401 1183 2460; x_wconf 86' lang='lat' dir='ltr'><strong>solens</strong></span> <span class='ocrx_word' id='word_1_198' title='bbox 1201 2411 1232 2460; x_wconf 81' lang='lat' dir='ltr'><strong>ct</strong></span> <span class='ocrx_word' id='word_1_199' title='bbox 1246 2401 1348 2458; x_wconf 80' lang='lat' dir='ltr'><strong>usitata</strong></span> 
     </span>
     <span class='ocr_line' id='line_1_21' title="bbox 266 2505 1346 2589; baseline -0.004 -21"><span class='ocrx_word' id='word_1_200' title='bbox 266 2520 319 2568; x_wconf 89' lang='lat' dir='ltr'><strong>est.</strong></span> <span class='ocrx_word' id='word_1_201' title='bbox 338 2505 413 2565; x_wconf 84' lang='lat' dir='ltr'><strong>Nam</strong></span> <span class='ocrx_word' id='word_1_202' title='bbox 429 2517 532 2588; x_wconf 69' lang='lat' dir='ltr'><strong>prater</strong></span> <span class='ocrx_word' id='word_1_203' title='bbox 546 2506 625 2566; x_wconf 87' lang='lat' dir='ltr'><strong>illam</strong></span> <span class='ocrx_word' id='word_1_204' title='bbox 642 2506 870 2589; x_wconf 73' lang='lat' dir='ltr'><strong>sempiternam,</strong></span> <span class='ocrx_word' id='word_1_205' title='bbox 891 2520 920 2567; x_wconf 87' lang='lat' dir='ltr'><strong>et</strong></span> <span class='ocrx_word' id='word_1_206' title='bbox 945 2529 1008 2588; x_wconf 76' lang='lat' dir='ltr'><strong>qum</strong></span> <span class='ocrx_word' id='word_1_207' title='bbox 1026 2528 1065 2566; x_wconf 85' lang='lat' dir='ltr'><strong>ex</strong></span> <span class='ocrx_word' id='word_1_208' title='bbox 1087 2507 1264 2566; x_wconf 78' lang='lat' dir='ltr'><strong>Necessitate</strong></span> <span class='ocrx_word' id='word_1_209' title='bbox 1286 2519 1346 2573; x_wconf 78' lang='lat' dir='ltr'><strong>est,</strong></span> 
     </span>
     <span class='ocr_line' id='line_1_22' title="bbox 267 2611 1348 2696; baseline -0.004 -23"><span class='ocrx_word' id='word_1_210' title='bbox 267 2613 340 2674; x_wconf 89' lang='lat' dir='ltr'><strong>nihii</strong></span> <span class='ocrx_word' id='word_1_211' title='bbox 353 2612 470 2673; x_wconf 90' lang='lat' dir='ltr'><strong>omnino</strong></span> <span class='ocrx_word' id='word_1_212' title='bbox 482 2614 523 2674; x_wconf 81' lang='lat' dir='ltr'><strong>iit.</strong></span> <span class='ocrx_word' id='word_1_213' title='bbox 539 2640 553 2666; x_wconf 74' lang='lat' dir='ltr'><strong>n</strong></span> <span class='ocrx_word' id='word_1_214' title='bbox 570 2613 634 2673; x_wconf 84' lang='lat' dir='ltr'><strong>Hoc</strong></span> <span class='ocrx_word' id='word_1_215' title='bbox 651 2615 736 2688; x_wconf 87' lang='lat' dir='ltr'><strong>dicit,</strong></span> <span class='ocrx_word' id='word_1_216' title='bbox 752 2627 884 2696; x_wconf 85' lang='lat' dir='ltr'><strong>respectu</strong></span> <span class='ocrx_word' id='word_1_217' title='bbox 896 2614 1035 2695; x_wconf 75' lang='lat' dir='ltr'><strong>cujrnque</strong></span> <span class='ocrx_word' id='word_1_218' title='bbox 1046 2613 1151 2695; x_wconf 82' lang='lat' dir='ltr'><strong>speciei</strong></span> <span class='ocrx_word' id='word_1_219' title='bbox 1162 2657 1170 2686; x_wconf 87' lang='lat'>,</span> <span class='ocrx_word' id='word_1_220' title='bbox 1183 2611 1284 2672; x_wconf 86' lang='lat' dir='ltr'><strong>Homo</strong></span> <span class='ocrx_word' id='word_1_221' title='bbox 1302 2625 1348 2670; x_wconf 82' lang='lat' dir='ltr'><strong>ant</strong></span> 
     </span>
     <span class='ocr_line' id='line_1_23' title="bbox 267 2718 1346 2794; baseline -0.006 -14"><span class='ocrx_word' id='word_1_222' title='bbox 267 2720 384 2780; x_wconf 88' lang='lat' dir='ltr'><strong>Vitulus</strong></span> <span class='ocrx_word' id='word_1_223' title='bbox 397 2720 480 2794; x_wconf 84' lang='lat' dir='ltr'><strong>taiis,</strong></span> <span class='ocrx_word' id='word_1_224' title='bbox 504 2719 666 2780; x_wconf 78' lang='lat' dir='ltr'><strong>Monstrum</strong></span> <span class='ocrx_word' id='word_1_225' title='bbox 686 2732 715 2780; x_wconf 84' lang='lat' dir='ltr'><strong>et</strong></span> <span class='ocrx_word' id='word_1_226' title='bbox 731 2720 842 2780; x_wconf 86' lang='lat' dir='ltr'><strong>Malum</strong></span> <span class='ocrx_word' id='word_1_227' title='bbox 859 2719 998 2780; x_wconf 78' lang='lat' dir='ltr'><strong>videtur:</strong></span> <span class='ocrx_word' id='word_1_228' title='bbox 1021 2718 1209 2780; x_wconf 84' lang='lat' dir='ltr'><strong>Communem</strong></span> <span class='ocrx_word' id='word_1_229' title='bbox 1227 2718 1308 2776; x_wconf 78' lang='lat' dir='ltr'><strong>illum</strong></span> <span class='ocrx_word' id='word_1_230' title='bbox 1325 2719 1346 2773; x_wconf 88' lang='lat' dir='ltr'><strong>si</strong></span> 
     </span>
    </p>
   </div>
   <div class='ocr_carea' id='block_1_7' title="bbox 260 2819 1446 3334">
    <p class='ocr_par' dir='ltr' id='par_1_7' title="bbox 260 2819 1446 3334">
     <span class='ocr_line' id='line_1_24' title="bbox 260 2819 1349 2908; baseline -0.003 -22"><span class='ocrx_word' id='word_1_231' title='bbox 260 2826 404 2908; x_wconf 76' lang='lat' dir='ltr'><strong>adspicis,</strong></span> <span class='ocrx_word' id='word_1_232' title='bbox 414 2839 443 2887; x_wconf 85' lang='lat' dir='ltr'><strong>et</strong></span> <span class='ocrx_word' id='word_1_233' title='bbox 453 2827 559 2900; x_wconf 87' lang='lat' dir='ltr'><strong>Deum,</strong></span> <span class='ocrx_word' id='word_1_234' title='bbox 571 2849 628 2886; x_wconf 92' lang='lat' dir='ltr'><strong>non</strong></span> <span class='ocrx_word' id='word_1_235' title='bbox 641 2840 700 2899; x_wconf 87' lang='lat' dir='ltr'><strong>est,</strong></span> <span class='ocrx_word' id='word_1_236' title='bbox 712 2827 801 2886; x_wconf 89' lang='lat' dir='ltr'><strong>immo</strong></span> <span class='ocrx_word' id='word_1_237' title='bbox 814 2819 893 2886; x_wconf 83' lang='lat' dir='ltr'><strong>velut</strong></span> <span class='ocrx_word' id='word_1_238' title='bbox 906 2826 984 2886; x_wconf 86' lang='lat' dir='ltr'><strong>lusus</strong></span> <span class='ocrx_word' id='word_1_239' title='bbox 994 2826 1095 2906; x_wconf 88' lang='lat' dir='ltr'><strong>uliquis</strong></span> <span class='ocrx_word' id='word_1_240' title='bbox 1110 2825 1171 2904; x_wconf 87' lang='lat' dir='ltr'><strong>ejus</strong></span> <span class='ocrx_word' id='word_1_241' title='bbox 1181 2867 1190 2898; x_wconf 92' lang='lat'>,</span> <span class='ocrx_word' id='word_1_242' title='bbox 1202 2837 1254 2885; x_wconf 82' lang='lat' dir='ltr'><strong>ant</strong></span> <span class='ocrx_word' id='word_1_243' title='bbox 1264 2824 1349 2884; x_wconf 84' lang='lat' dir='ltr'><strong>oble-</strong></span> 
     </span>
     <span class='ocr_line' id='line_1_25' title="bbox 268 2930 1347 3015; baseline -0.004 -23"><span class='ocrx_word' id='word_1_244' title='bbox 268 2945 454 2993; x_wconf 88' lang='lat' dir='ltr'><strong>ctamentum.</strong></span> <span class='ocrx_word' id='word_1_245' title='bbox 470 2932 573 3015; x_wconf 81' lang='lat' dir='ltr'><strong>Itaque</strong></span> <span class='ocrx_word' id='word_1_246' title='bbox 587 2933 636 2993; x_wconf 88' lang='lat' dir='ltr'><strong>illc</strong></span> <span class='ocrx_word' id='word_1_247' title='bbox 650 2933 728 2993; x_wconf 89' lang='lat' dir='ltr'><strong>idem</strong></span> <span class='ocrx_word' id='word_1_248' title='bbox 743 2935 864 3015; x_wconf 73' lang='lat' dir='ltr'><strong>scriptor</strong></span> <span class='ocrx_word' id='word_1_249' title='bbox 879 2932 931 2992; x_wconf 87' lang='lat' dir='ltr'><strong>hos</strong></span> <span class='ocrx_word' id='word_1_250' title='bbox 944 2933 1069 3014; x_wconf 80' lang='lat' dir='ltr'><strong>appellnt</strong></span> <span class='ocrx_word' id='word_1_251' title='bbox 1080 2930 1193 2992; x_wconf 72' lang='lat' dir='ltr'><strong>Nature</strong></span> <span class='ocrx_word' id='word_1_252' title='bbox 1209 2931 1347 3010; x_wconf 78' lang='lat' dir='ltr'><strong>quasdam</strong></span> 
     </span>
     <span class='ocr_line' id='line_1_26' title="bbox 269 3038 1350 3124; baseline -0.006 -22"><span class='ocrx_word' id='word_1_253' title='bbox 269 3045 450 3124; x_wconf 70' lang='grc' dir='ltr'><em>παραὸάσας,</em></span> <span class='ocrx_word' id='word_1_254' title='bbox 461 3041 653 3100; x_wconf 65' lang='lat' dir='ltr'><strong>munuera</strong></span> <span class='ocrx_word' id='word_1_255' title='bbox 663 3051 713 3100; x_wconf 86' lang='lat' dir='ltr'><strong>aut</strong></span> <span class='ocrx_word' id='word_1_256' title='bbox 721 3061 869 3100; x_wconf 71' lang='lat' dir='ltr'><strong>messus:</strong></span> <span class='ocrx_word' id='word_1_257' title='bbox 881 3061 937 3098; x_wconf 91' lang='lat' dir='ltr'><strong>non</strong></span> <span class='ocrx_word' id='word_1_258' title='bbox 952 3039 1034 3098; x_wconf 81' lang='lat' dir='ltr'><strong>aliter</strong></span> <span class='ocrx_word' id='word_1_259' title='bbox 1046 3059 1132 3120; x_wconf 85' lang='lat' dir='ltr'><strong>quarn</strong></span> <span class='ocrx_word' id='word_1_260' title='bbox 1144 3039 1173 3096; x_wconf 90' lang='lat' dir='ltr'><strong>in</strong></span> <span class='ocrx_word' id='word_1_261' title='bbox 1186 3038 1274 3119; x_wconf 80' lang='lat' dir='ltr'><strong>longo</strong></span> <span class='ocrx_word' id='word_1_262' title='bbox 1287 3059 1350 3096; x_wconf 77' lang='lat' dir='ltr'><strong>ma·</strong></span> 
     </span>
     <span class='ocr_line' id='line_1_27' title="bbox 270 3145 1347 3230; baseline -0.005 -24"><span class='ocrx_word' id='word_1_263' title='bbox 270 3169 385 3230; x_wconf 79' lang='lat' dir='ltr'><strong>guoque</strong></span> <span class='ocrx_word' id='word_1_264' title='bbox 398 3167 505 3220; x_wconf 81' lang='lat' dir='ltr'><strong>cursu,</strong></span> <span class='ocrx_word' id='word_1_265' title='bbox 524 3159 604 3206; x_wconf 85' lang='lat' dir='ltr'><strong>extra</strong></span> <span class='ocrx_word' id='word_1_266' title='bbox 617 3145 723 3205; x_wconf 86' lang='lat' dir='ltr'><strong>lineam</strong></span> <span class='ocrx_word' id='word_1_267' title='bbox 739 3145 851 3219; x_wconf 86' lang='lat' dir='ltr'><strong>leviter,</strong></span> <span class='ocrx_word' id='word_1_268' title='bbox 871 3167 925 3206; x_wconf 85' lang='lat' dir='ltr'><strong>nec</strong></span> <span class='ocrx_word' id='word_1_269' title='bbox 939 3145 1091 3218; x_wconf 84' lang='lat' dir='ltr'><strong>indecore,</strong></span> <span class='ocrx_word' id='word_1_270' title='bbox 1109 3145 1176 3204; x_wconf 86' lang='lat' dir='ltr'><strong>licet</strong></span> <span class='ocrx_word' id='word_1_271' title='bbox 1192 3145 1347 3204; x_wconf 77' lang='lat' dir='ltr'><strong>transilire.</strong></span> 
     </span>
     <span class='ocr_line' id='line_1_28' title="bbox 271 3250 1446 3334; baseline -0.004 -22"><span class='ocrx_word' id='word_1_272' title='bbox 271 3252 310 3313; x_wconf 87' lang='lat' dir='ltr'><strong>Et</strong></span> <span class='ocrx_word' id='word_1_273' title='bbox 328 3273 427 3312; x_wconf 86' lang='lat' dir='ltr'><strong>causas</strong></span> <span class='ocrx_word' id='word_1_274' title='bbox 449 3265 545 3312; x_wconf 82' lang='lat' dir='ltr'><strong>tumen</strong></span> <span class='ocrx_word' id='word_1_275' title='bbox 570 3251 630 3311; x_wconf 69' lang='lat' dir='ltr'><strong>baec</strong></span> <span class='ocrx_word' id='word_1_276' title='bbox 648 3273 715 3311; x_wconf 88' lang='lat' dir='ltr'><strong>snas</strong></span> <span class='ocrx_word' id='word_1_277' title='bbox 731 3251 863 3325; x_wconf 76' lang='lat' dir='ltr'><strong>habent,</strong></span> <span class='ocrx_word' id='word_1_278' title='bbox 885 3250 982 3312; x_wconf 82' lang='lat' dir='ltr'><strong>faciles</strong></span> <span class='ocrx_word' id='word_1_279' title='bbox 1002 3250 1130 3334; x_wconf 74' lang='lat' dir='ltr'><strong>indagari</strong></span> <span class='ocrx_word' id='word_1_280' title='bbox 1156 3275 1165 3308; x_wconf 82' lang='lat' dir='ltr'><strong>r</strong></span> <span class='ocrx_word' id='word_1_281' title='bbox 1189 3273 1206 3309; x_wconf 84' lang='lat' dir='ltr'><strong>a</strong></span> <span class='ocrx_word' id='word_1_282' title='bbox 1227 3251 1349 3310; x_wconf 78' lang='lat' dir='ltr'><strong>Materie</strong></span> <span class='ocrx_word' id='word_1_283' title='bbox 1445 3303 1446 3316; x_wconf 66' lang='grc'>,</span> 
     </span>
    </p>
   </div>
   <div class='ocr_carea' id='block_1_8' title="bbox 271 3354 1446 3440">
    <p class='ocr_par' dir='ltr' id='par_1_8' title="bbox 271 3354 1446 3440">
     <span class='ocr_line' id='line_1_29' title="bbox 271 3354 1446 3440; baseline -0.009 -21"><span class='ocrx_word' id='word_1_284' title='bbox 271 3360 380 3432; x_wconf 87' lang='lat' dir='ltr'><strong>nimia,</strong></span> <span class='ocrx_word' id='word_1_285' title='bbox 397 3370 447 3417; x_wconf 87' lang='lat' dir='ltr'><strong>aut</strong></span> <span class='ocrx_word' id='word_1_286' title='bbox 462 3379 574 3438; x_wconf 79' lang='lat' dir='ltr'><strong>pauca3</strong></span> <span class='ocrx_word' id='word_1_287' title='bbox 596 3358 636 3416; x_wconf 88' lang='lat' dir='ltr'><strong>sic</strong></span> <span class='ocrx_word' id='word_1_288' title='bbox 656 3369 707 3417; x_wconf 84' lang='lat' dir='ltr'><strong>aut</strong></span> <span class='ocrx_word' id='word_1_289' title='bbox 723 3359 764 3417; x_wconf 83' lang='lat' dir='ltr'><strong>sic</strong></span> <span class='ocrx_word' id='word_1_290' title='bbox 783 3357 938 3440; x_wconf 83' lang='lat' dir='ltr'><strong>disposita;</strong></span> <span class='ocrx_word' id='word_1_291' title='bbox 958 3355 1178 3439; x_wconf 82' lang='lat' dir='ltr'><strong>nGignentium</strong></span> <span class='ocrx_word' id='word_1_292' title='bbox 1199 3354 1350 3416; x_wconf 77' lang='lat' dir='ltr'><strong>affectione</strong></span> <span class='ocrx_word' id='word_1_293' title='bbox 1445 3401 1446 3408; x_wconf 72' lang='grc'>,</span> 
     </span>
    </p>
   </div>
   <div class='ocr_carea' id='block_1_9' title="bbox 263 3462 1446 4080">
    <p class='ocr_par' dir='ltr' id='par_1_9' title="bbox 263 3435 1446 4080">
     <span class='ocr_line' id='line_1_30' title="bbox 272 3462 1349 3546; baseline -0.008 -20"><span class='ocrx_word' id='word_1_294' title='bbox 272 3478 322 3526; x_wconf 87' lang='lat' dir='ltr'><strong>ant</strong></span> <span class='ocrx_word' id='word_1_295' title='bbox 333 3466 451 3539; x_wconf 75' lang='lat' dir='ltr'><strong>habitu,</strong></span> <span class='ocrx_word' id='word_1_296' title='bbox 467 3465 499 3522; x_wconf 91' lang='lat' dir='ltr'><strong>in</strong></span> <span class='ocrx_word' id='word_1_297' title='bbox 515 3484 601 3544; x_wconf 88' lang='lat' dir='ltr'><strong>opere</strong></span> <span class='ocrx_word' id='word_1_298' title='bbox 611 3476 661 3523; x_wconf 90' lang='lat' dir='ltr'><strong>aut</strong></span> <span class='ocrx_word' id='word_1_299' title='bbox 672 3477 737 3545; x_wconf 86' lang='lat' dir='ltr'><strong>post</strong></span> <span class='ocrx_word' id='word_1_300' title='bbox 746 3485 829 3546; x_wconf 87' lang='lat' dir='ltr'><strong>opus.</strong></span> <span class='ocrx_word' id='word_1_301' title='bbox 844 3462 928 3524; x_wconf 85' lang='lat' dir='ltr'><strong>Plura</strong></span> <span class='ocrx_word' id='word_1_302' title='bbox 939 3475 1020 3536; x_wconf 81' lang='lat' dir='ltr'><strong>sunt,</strong></span> <span class='ocrx_word' id='word_1_303' title='bbox 1031 3484 1089 3522; x_wconf 88' lang='lat' dir='ltr'><strong>non</strong></span> <span class='ocrx_word' id='word_1_304' title='bbox 1099 3462 1146 3521; x_wconf 90' lang='lat' dir='ltr'><strong>hic</strong></span> <span class='ocrx_word' id='word_1_305' title='bbox 1157 3462 1349 3542; x_wconf 80' lang='lat' dir='ltr'><strong>inquirenda:</strong></span> 
     </span>
     <span class='ocr_line' id='line_1_31' title="bbox 263 3547 1446 3653; baseline -0.006 -19"><span class='ocrx_word' id='word_1_306' title='bbox 263 3547 325 3634; x_wconf 48' lang='lat' dir='ltr'><strong>&#39;sed</strong></span> <span class='ocrx_word' id='word_1_307' title='bbox 337 3573 512 3634; x_wconf 76' lang='lat' dir='ltr'><strong>Universum</strong></span> <span class='ocrx_word' id='word_1_308' title='bbox 526 3571 550 3630; x_wconf 89' lang='lat' dir='ltr'><strong>si</strong></span> <span class='ocrx_word' id='word_1_309' title='bbox 562 3582 690 3653; x_wconf 84' lang='lat' dir='ltr'><strong>spectes,</strong></span> <span class='ocrx_word' id='word_1_310' title='bbox 703 3571 779 3632; x_wconf 76' lang='lat' dir='ltr'><strong>muln</strong></span> <span class='ocrx_word' id='word_1_311' title='bbox 790 3583 839 3632; x_wconf 83' lang='lat' dir='ltr'><strong>aut</strong></span> <span class='ocrx_word' id='word_1_312' title='bbox 852 3569 928 3631; x_wconf 80' lang='lat' dir='ltr'><strong>foeda</strong></span> <span class='ocrx_word' id='word_1_313' title='bbox 940 3570 1000 3630; x_wconf 81' lang='lat' dir='ltr'><strong>haec</strong></span> <span class='ocrx_word' id='word_1_314' title='bbox 1010 3589 1158 3652; x_wconf 78' lang='lat' dir='ltr'><strong>negamus,</strong></span> <span class='ocrx_word' id='word_1_315' title='bbox 1165 3569 1256 3628; x_wconf 88' lang='lat' dir='ltr'><strong>immo</strong></span> <span class='ocrx_word' id='word_1_316' title='bbox 1264 3569 1295 3626; x_wconf 89' lang='lat' dir='ltr'><strong>in</strong></span> <span class='ocrx_word' id='word_1_317' title='bbox 1302 3589 1352 3628; x_wconf 82' lang='lat' dir='ltr'><strong>or·</strong></span> <span class='ocrx_word' id='word_1_318' title='bbox 1445 3565 1446 3570; x_wconf 52' lang='lat'>&#39;</span> 
     </span>
     <span class='ocr_line' id='line_1_32' title="bbox 272 3673 1353 3759; baseline -0.006 -22"><span class='ocrx_word' id='word_1_319' title='bbox 272 3692 373 3740; x_wconf 85' lang='lat' dir='ltr'><strong>notum</strong></span> <span class='ocrx_word' id='word_1_320' title='bbox 387 3690 505 3752; x_wconf 83' lang='lat' dir='ltr'><strong>esse,et</strong></span> <span class='ocrx_word' id='word_1_321' title='bbox 515 3676 608 3759; x_wconf 88' lang='lat' dir='ltr'><strong>plenis</strong></span> <span class='ocrx_word' id='word_1_322' title='bbox 618 3675 807 3758; x_wconf 81' lang='lat' dir='ltr'><strong>perfectisque</strong></span> <span class='ocrx_word' id='word_1_323' title='bbox 819 3676 875 3736; x_wconf 87' lang='lat' dir='ltr'><strong>illis</strong></span> <span class='ocrx_word' id='word_1_324' title='bbox 892 3677 982 3758; x_wconf 78' lang='lat' dir='ltr'><strong>magis</strong></span> <span class='ocrx_word' id='word_1_325' title='bbox 1001 3673 1197 3758; x_wconf 80' lang='lat' dir='ltr'><strong>agnoscendis.</strong></span> <span class='ocrx_word' id='word_1_326' title='bbox 1209 3673 1256 3732; x_wconf 89' lang='lat' dir='ltr'><strong>De</strong></span> <span class='ocrx_word' id='word_1_327' title='bbox 1278 3673 1353 3732; x_wconf 73' lang='lat' dir='ltr'><strong>Vat-</strong></span> 
     </span>
     <span class='ocr_line' id='line_1_33' title="bbox 271 3778 1350 3866; baseline -0.009 -20"><span class='ocrx_word' id='word_1_328' title='bbox 271 3786 347 3866; x_wconf 73' lang='lat' dir='ltr'><strong>gntr&#39;s</strong></span> <span class='ocrx_word' id='word_1_329' title='bbox 362 3797 476 3858; x_wconf 83' lang='lat' dir='ltr'><strong>autem,</strong></span> <span class='ocrx_word' id='word_1_330' title='bbox 492 3785 551 3843; x_wconf 88' lang='lat' dir='ltr'><strong>scio</strong></span> <span class='ocrx_word' id='word_1_331' title='bbox 570 3783 647 3866; x_wconf 82' lang='lat' dir='ltr'><strong>apud</strong></span> <span class='ocrx_word' id='word_1_332' title='bbox 664 3782 832 3844; x_wconf 83' lang='lat' dir='ltr'><strong>Ciceronem</strong></span> <span class='ocrx_word' id='word_1_333' title='bbox 846 3804 908 3843; x_wconf 83' lang='lat' dir='ltr'><strong>esse</strong></span> <span class='ocrx_word' id='word_1_334' title='bbox 922 3780 988 3864; x_wconf 87' lang='lat' dir='ltr'><strong>(IV</strong></span> <span class='ocrx_word' id='word_1_335' title='bbox 998 3780 1088 3841; x_wconf 77' lang='lat' dir='ltr'><strong>Aead.</strong></span> <span class='ocrx_word' id='word_1_336' title='bbox 1099 3778 1112 3862; x_wconf 93' lang='lat'>)</span> <span class='ocrx_word' id='word_1_337' title='bbox 1125 3782 1175 3863; x_wconf 92' lang='lat' dir='ltr'><strong>qui</strong></span> <span class='ocrx_word' id='word_1_338' title='bbox 1190 3780 1328 3840; x_wconf 76' lang='lat' dir='ltr'><strong>inclamet</strong></span> <span class='ocrx_word' id='word_1_339' title='bbox 1340 3803 1350 3836; x_wconf 79' lang='lat' dir='ltr'><strong>e</strong></span> 
     </span>
     <span class='ocr_line' id='line_1_34' title="bbox 276 3887 1350 3973; baseline -0.006 -23"><span class='ocrx_word' id='word_1_340' title='bbox 276 3917 294 3973; x_wconf 74' lang='lat'><strong>⁸,</strong></span> <span class='ocrx_word' id='word_1_341' title='bbox 306 3891 366 3952; x_wconf 87' lang='lat' dir='ltr'><strong>Cur</strong></span> <span class='ocrx_word' id='word_1_342' title='bbox 378 3891 473 3950; x_wconf 84' lang='lat' dir='ltr'><strong>omnia</strong></span> <span class='ocrx_word' id='word_1_343' title='bbox 489 3891 577 3950; x_wconf 85' lang='lat' dir='ltr'><strong>nostri</strong></span> <span class='ocrx_word' id='word_1_344' title='bbox 589 3911 674 3950; x_wconf 83' lang='lat' dir='ltr'><strong>causa</strong></span> <span class='ocrx_word' id='word_1_345' title='bbox 691 3889 771 3949; x_wconf 88' lang='lat' dir='ltr'><strong>Deus</strong></span> <span class='ocrx_word' id='word_1_346' title='bbox 782 3910 871 3969; x_wconf 86' lang='lat' dir='ltr'><strong>quum</strong></span> <span class='ocrx_word' id='word_1_347' title='bbox 885 3887 999 3962; x_wconf 82' lang='lat' dir='ltr'><strong>fecerit,</strong></span> <span class='ocrx_word' id='word_1_348' title='bbox 1016 3899 1122 3946; x_wconf 83' lang='lat' dir='ltr'><strong>tantam</strong></span> <span class='ocrx_word' id='word_1_349' title='bbox 1134 3887 1193 3946; x_wconf 83' lang='lat' dir='ltr'><strong>vim</strong></span> <span class='ocrx_word' id='word_1_350' title='bbox 1207 3888 1350 3946; x_wconf 81' lang='lat' dir='ltr'><strong>natricum</strong></span> 
     </span>
     <span class='ocr_line' id='line_1_35' title="bbox 272 3992 1351 4080; baseline -0.005 -23"><span class='ocrx_word' id='word_1_351' title='bbox 272 4001 492 4080; x_wconf 81' lang='lat' dir='ltr'><strong>viperarumque</strong></span> <span class='ocrx_word' id='word_1_352' title='bbox 510 3997 597 4057; x_wconf 79' lang='lat' dir='ltr'><strong>iecit?</strong></span> <span class='ocrx_word' id='word_1_353' title='bbox 616 4019 667 4056; x_wconf 85' lang='lat' dir='ltr'><strong>cur</strong></span> <span class='ocrx_word' id='word_1_354' title='bbox 687 3995 832 4056; x_wconf 85' lang='lat' dir='ltr'><strong>mortifera</strong></span> <span class='ocrx_word' id='word_1_355' title='bbox 853 3995 961 4068; x_wconf 83' lang='lat' dir='ltr'><strong>multa,</strong></span> <span class='ocrx_word' id='word_1_356' title='bbox 979 3994 1068 4054; x_wconf 86' lang='lat' dir='ltr'><strong>multa</strong></span> <span class='ocrx_word' id='word_1_357' title='bbox 1090 3992 1251 4075; x_wconf 80' lang='lat' dir='ltr'><strong>perniciosa</strong></span> <span class='ocrx_word' id='word_1_358' title='bbox 1276 4004 1351 4052; x_wconf 74' lang='lat' dir='ltr'><strong>terra</strong></span> 
     </span>
    </p>
   </div>
   <div class='ocr_carea' id='block_1_10' title="bbox 273 4099 1352 4188">
    <p class='ocr_par' dir='ltr' id='par_1_10' title="bbox 273 4099 1352 4188">
     <span class='ocr_line' id='line_1_36' title="bbox 273 4099 1352 4188; baseline -0.008 -22"><span class='ocrx_word' id='word_1_359' title='bbox 273 4107 401 4188; x_wconf 85' lang='lat' dir='ltr'><strong>marique</strong></span> <span class='ocrx_word' id='word_1_360' title='bbox 419 4105 572 4188; x_wconf 83' lang='lat' dir='ltr'><strong>dispersit?</strong></span> <span class='ocrx_word' id='word_1_361' title='bbox 586 4132 599 4160; x_wconf 80' lang='lat' dir='ltr'><strong>n</strong></span> <span class='ocrx_word' id='word_1_362' title='bbox 626 4101 651 4163; x_wconf 85' lang='lat' dir='ltr'>E</span> <span class='ocrx_word' id='word_1_363' title='bbox 671 4103 763 4166; x_wconf 85' lang='lat' dir='ltr'><strong>Sacris</strong></span> <span class='ocrx_word' id='word_1_364' title='bbox 778 4105 879 4166; x_wconf 86' lang='lat' dir='ltr'><strong>nostris</strong></span> <span class='ocrx_word' id='word_1_365' title='bbox 901 4114 1033 4187; x_wconf 81' lang='lat' dir='ltr'><strong>prompta</strong></span> <span class='ocrx_word' id='word_1_366' title='bbox 1052 4112 1112 4164; x_wconf 81' lang='lat' dir='ltr'><strong>erat</strong></span> <span class='ocrx_word' id='word_1_367' title='bbox 1129 4099 1303 4182; x_wconf 81' lang='lat' dir='ltr'><strong>responsio:</strong></span> <span class='ocrx_word' id='word_1_368' title='bbox 1324 4110 1352 4158; x_wconf 88' lang='lat' dir='ltr'><strong>tc</strong></span> 
     </span>
    </p>
   </div>
   <div class='ocr_carea' id='block_1_11' title="bbox 0 0 1489 4934">
    <p class='ocr_par' dir='ltr' id='par_1_11' title="bbox 0 0 1489 4934">
     <span class='ocr_line' id='line_1_37' title="bbox 0 0 1489 4934; baseline 0 0"><span class='ocrx_word' id='word_1_369' title='bbox 0 0 1489 4934; x_wconf 95' lang='lat' dir='ltr'><strong> </strong></span> 
     </span>
    </p>
   </div>
  </div>
 </body>
</html>
