2950 4934
307 348 556 420 rnrslon.
582 345 831 419 srolcon.
857 349 954 418 LIB.
978 347 1031 414 ΙΙ.
1142 285 1208 444 5d7
1239 433 1242 440 Ι

131 501 249 562 ceum
275 495 361 556 etlam
382 492 486 554 addit:
515 518 529 546 a
549 489 768 572 abordincqui
793 492 889 551 estin
910 491 1001 550 illo.»
1024 489 1070 548 Ab
1091 491 1206 562 omne,
1261 469 1267 480 .

129 603 270 685 inquam,
285 601 378 662 sirco
395 613 454 661 toto
466 608 577 660 emant.
594 597 703 658 Plinius
718 621 727 655 a
745 625 759 652 ι
776 597 869 674 Quem
881 603 977 680 κόσμοι
988 595 1081 656 Graeci
1093 596 1209 656 nomine
1285 619 1289 626 ·

128 709 294 768 maurenti
308 707 540 790 appellaverunt,
557 727 624 766 eum
636 725 689 766 nos
701 727 719 764 a
731 704 858 785 perlecta
870 705 1055 784 absolutaque
1067 703 1208 786 elegantia

129 813 288 873 Mundum.
302 838 317 867 s
330 811 404 872 Nam
415 824 445 872 st
453 812 623 873 muliebrem
634 810 776 872 mundum
789 812 913 870 obtinuit
924 811 992 872 diei.
1006 811 1207 894 Trisnregistus

128 921 301 979 interiorem
320 917 541 979 nomenclaturae
555 939 670 977 eausam
684 917 734 978 dat
746 915 830 1000 (cap.
844 915 883 1002 9)
899 941 907 976 s
923 943 937 970 ι
954 917 1058 980 Merito
1079 915 1208 977 Mundus

129 1029 197 1086 sive
218 1038 334 1086 ornatus
358 1025 481 1097 dicitur;
509 1036 592 1084 ornat
611 1025 689 1084 enim
715 1026 812 1086 omnia
836 1026 972 1084 varietate
998 1025 1209 1106 generationis,

128 1133 347 1193 continuatione
358 1133 439 1205 vita,
456 1129 597 1190 indelessa
606 1132 789 1212 operatione,
802 1132 939 1193 ctordinc
954 1132 1133 1212 genitorum3
1148 1156 1162 1185 n
1180 1143 1209 1192 et

129 1239 218 1321 plura
238 1259 300 1319 quse
326 1235 415 1296 addit.
432 1235 501 1310 Quae
524 1237 598 1294 ratio
610 1236 755 1298 Mundum
779 1237 894 1318 proprie
913 1247 1038 1318 spectat,
1066 1249 1207 1318 quotenus

128 1343 203 1403 facit
216 1342 341 1424 aliquid,
357 1354 386 1401 et
409 1353 453 1402 est
466 1341 554 1401 Densa
576 1340 680 1403 Isidori
696 1363 774 1402 nova
785 1344 935 1425 originatio
950 1355 1009 1417 est,
1026 1343 1113 1404 immo
1127 1355 1208 1404 vetus

128 1471 172 1510 cx
186 1448 317 1509 Varrone
331 1471 340 1507 a
359 1474 373 1502 ιι
387 1446 516 1508 Mundus
528 1489 536 1520 ‚
555 1449 648 1528 inquit
660 1446 734 1532 (lib.
758 1446 874 1530 XIII),
892 1450 970 1531 quod
990 1451 1021 1510 in
1035 1451 1209 1532 sempiterno
1314 1533 1316 1538 Ι

129 1550 173 1610 sit
185 1562 287 1623 motu,
306 1559 340 1608 ut
352 1547 467 1624 calma,
484 1548 544 1622 sol,
561 1549 644 1622 luna,
660 1549 762 1608 maria.
785 1549 873 1610 Unde
888 1563 916 1610 et
936 1551 1070 1610 animalia
1086 1549 1209 1610 Varroni

128 1656 270 1718 videntur
285 1654 455 1728 Elementa,
470 1656 607 1736 quoniam
622 1656 864 1738 persemetipsa,
880 1657 993 1739 inquit,
1010 1670 1172 1718 moventur.
1192 1683 1206 1710 υ

129 1765 181 1825 An
195 1763 270 1824 bene
282 1784 320 1823 cx
334 1762 466 1822 Varrone
480 1762 720 1844 transscripserit,
736 1762 834 1822 neseio
852 1785 860 1822 a
877 1783 971 1843 neque
985 1761 1134 1824 Elementa
1146 1786 1210 1845 pro·

129 1871 198 1954 prio
209 1869 367 1945 Animalia,
382 1869 434 1929 sed
447 1867 591 1930 Mundum
605 1868 726 1942 dixerit,
744 1891 780 1930 ex
796 1869 890 1930 Stoico
906 1881 935 1930 et
949 1869 1093 1930 Platonico
1109 1893 1205 1932 sensu.
1332 1871 1341 1889 ¹

129 1977 224 2039 Vides
242 1999 279 2036 ex
294 1975 340 2035 bis
357 1973 464 2036 cunm
481 1975 574 2058 primo
587 1975 731 2038 Mundum
749 1975 877 2051 dietum,
894 1976 1000 2039 deinde
1013 1979 1207 2040 latiusvocenr

129 2103 165 2142 se
180 2080 300 2142 fudisse
315 2081 422 2140 Norant
434 2094 529 2142 autem
544 2081 631 2142 Stoici
648 2105 657 2140 a
676 2109 690 2136 ι
702 2081 866 2165 Triplieitcr
878 2083 935 2142 dici
946 2083 1100 2144 Mundum.
1113 2083 1208 2144 Primo

130 2193 230 2272 ipsum
243 2188 337 2250 Deum
359 2189 451 2250 omnis
475 2189 603 2249 essentie
627 2189 777 2270 opificem„
803 2191 853 2272 qui
877 2191 1098 2272 incorruptibilis
1120 2204 1163 2252 est
1179 2204 1209 2252 et

127 2296 295 2379 ingenitus,
312 2293 483 2355 architectus
492 2296 582 2378 ipsius
593 2295 717 2371 Mundi,
731 2308 761 2356 et
775 2310 840 2378 post
854 2310 1015 2379 temporum
1031 2299 1139 2381 aliquas
1150 2321 1207 2380 pe-

128 2401 231 2463 riodos
245 2404 347 2463 iterum
361 2403 392 2461 in
403 2423 433 2464 se
445 2403 597 2462 absumens
609 2414 637 2464 ct
647 2414 761 2462 vertens
775 2425 889 2464 omnem
903 2407 1070 2481 essentiam,
1088 2407 1207 2466 itemm-

127 2531 192 2594 que
205 2531 243 2570 ex
252 2531 283 2570 se
293 2510 424 2592 gignens.
434 2508 585 2583 Secundo-a,
598 2509 690 2589 ipsam
703 2521 843 2570 astrorum
857 2510 1082 2586 ordinationem,
1096 2513 1126 2572 id
1141 2526 1201 2588 est,

131 2616 260 2688 Caelum,
272 2613 416 2676 Mrmdnm
433 2613 544 2674 dicunt.
556 2613 672 2687 Tern'o,
684 2613 804 2694 ⁴quodlit
816 2637 853 2674 ex
863 2616 1001 2696 utrisque.
1015 2643 1029 2670 u
1045 2616 1160 2699 (Laert.
1176 2620 1206 2679 in

129 2719 229 2804 zen.)
243 2719 313 2797 Quae
333 2732 477 2802 postrema
502 2720 587 2780 verba
611 2721 679 2781 satis
703 2721 853 2782 tenebrosa
875 2733 943 2782 sunt
967 2735 1022 2783 aet
1045 2745 1082 2785 ex
1101 2727 1206 2807 quibus

128 2827 287 2909 nmisque?
303 2848 340 2886 ex
353 2827 472 2900 Deonc,
487 2837 517 2886 et
536 2825 632 2886 Calo?
646 2827 685 2885 ita
698 2838 792 2886 textus
808 2829 946 2889 sermonis
967 2829 1090 2904 suadet,
1106 2831 1158 2891 sed
1174 2854 1207 2892 rc

127 2936 287 2996 abnuente.
303 2934 404 2994 Putem
416 2934 507 3015 magis
517 2975 525 3006 ,
535 2930 586 2994 Em
595 2929 658 2992 Deo
669 2931 851 3006 etEssentiu,
868 2935 901 2996 id
910 2947 971 3010 est,
983 2935 1122 3012 Materia,
1140 2961 1205 3000 enm

127 3042 209 3103 velle
218 3042 337 3102 dictum.
350 3039 431 3107 Philo
441 3039 545 3100 elarius
554 3039 607 3098 ista
616 3040 718 3098 extulit
726 3037 739 3120 (
747 3041 791 3100 De
801 3042 913 3102 immor.
923 3042 1052 3126 Mundi)
1063 3067 1071 3104 a
1086 3073 1099 3098 ιι
1111 3045 1206 3106 Primo

127 3148 262 3211 Mundus
274 3148 388 3222 dieitur,
405 3145 572 3227 compositio
589 3165 626 3205 ex
640 3145 751 3206 calcet
767 3149 867 3223 astris,
883 3161 987 3210 terram
1002 3151 1204 3227 ambientibus,

129 3269 165 3316 et
178 3254 334 3313 animumn
346 3275 378 3313 ae
396 3253 510 3333 stirpes.
527 3249 680 3325 Secundo,
696 3253 789 3312 solum
801 3254 894 3334 ipsum
910 3255 1027 3317 calun-
1043 3258 1157 3334 Tertio,
1173 3272 1206 3320 ut

127 3361 237 3424 Stoicis
247 3362 357 3433 risum,
371 3356 503 3418 Εεεωῐίιι
513 3357 643 3440 quaedam
655 3357 693 3417 ad
706 3361 887 3420 emutionem
901 3365 1072 3443 perveniens
1084 3365 1207 3430 durans·-

128 3489 213 3551 que,
227 3468 292 3526 sive
302 3467 412 3548 digesta
433 3465 495 3526 sive
508 3456 668 3547 indigesta,
685 3467 767 3544 cnjus
780 3479 874 3528 motus
890 3469 1068 3532 intervallum
1079 3473 1205 3555 Tempus

130 3595 201 3635 esse
213 3573 323 3633 edicunt.
338 3599 354 3625 ι
369 3571 470 3653 Itaque
484 3573 567 3632 tertia
580 3571 640 3630 brec
652 3576 792 3633 sententia
806 3577 958 3656 peculiaris
972 3577 1128 3640 Stoicorum
1140 3593 1202 3656 est,

129 3680 270 3765 quemad
285 3677 376 3739 Deum
387 3678 483 3738 retulit
494 3675 638 3750 Laertius,
651 3677 689 3738 ad
698 3677 859 3741 Essentinm
870 3680 950 3741 Philo
967 3707 975 3742 a
986 3697 1105 3766 uterque
1115 3701 1202 3749 reete.

131 3787 211 3848 Nam
219 3787 345 3846 essentia
357 3785 406 3844 illa
420 3795 500 3856 tota,
515 3782 595 3843 Deus
611 3795 653 3844 est
666 3783 768 3845 Stoicis
779 3807 787 3842 a
798 3807 891 3865 neque
906 3787 984 3850 aliud
999 3811 1083 3870 quam
1092 3791 1205 3854 Senecae

133 3890 282 3954 etIntinis
292 3889 397 3950 lienam
410 3899 528 3960 numm,
545 3889 591 3948 vel
602 3887 763 3952 &rumenel
773 3889 905 3964 Naum,
919 3893 955 3954 de
970 3917 1026 3975 qua
1035 3919 1121 3979 supra
1132 3899 1204 3962 dixi.

133 3996 180 4058 Ea
196 3998 294 4080 igitur,
324 3998 436 4058 sire-in
453 3993 595 4056 Mundum
617 3995 737 4057 formata
761 3999 818 4070 sit,
844 4000 903 4060 sive
925 4001 1084 4085 indigesta,
1110 4021 1152 4068 est
1174 4010 1208 4069 iis

134 4103 276 4170 Menidas.
291 4101 328 4162 Et
342 4102 396 4165 boe
409 4125 495 4166 sensu
508 4103 687 4177 doctissime,
702 4116 736 4162 ut
747 4105 836 4180 solet,
850 4107 990 4182 numnius
1003 4111 1140 4190 Mundum
1156 4139 1208 4197 pro
