2950 4934
309 462 375 533 318
602 457 644 524 1..
669 452 847 522 ANNAEI
872 450 1086 523 SENECAE

308 588 456 685 repulit,
485 586 663 679 majusque
689 605 798 676 regno
815 579 1008 675 judicavit,
1039 584 1152 675 regias
1176 606 1260 678 opes
1281 606 1383 677 posse

308 718 537 775 contemnere.
559 700 674 783 Idem,
694 699 827 767 medico
843 696 968 791 Pyrrhi
979 701 1196 792 promittente
1209 724 1382 767 venenum

309 844 345 890 se
360 821 431 913 regi
446 817 618 896 daturum,
635 816 768 884 monuit
779 813 963 906 Pyrrhum,
977 828 1112 883 caveret
1122 812 1275 883 insidias.
1285 814 1385 906 Ejus-

309 937 387 1009 dem
411 935 515 1005 animi
540 934 625 1018 fuis,
653 955 736 1001 auro
758 956 827 999 non
851 931 964 1013 vinci,
992 954 1124 1000 veneno
1142 954 1212 999 non
1231 932 1383 999 vincere.

268 1076 286 1131 s
310 1052 476 1125 Admirati
492 1072 607 1119 sumus
619 1050 794 1143 ingentem
810 1048 942 1131 virum,
965 1070 1065 1140 quem
1080 1069 1148 1114 non
1161 1048 1252 1141 regis
1264 1049 1273 1079 ¹
1286 1095 1298 1128 ,
1313 1070 1384 1114 uon

309 1183 428 1239 contra
437 1190 554 1261 regem
567 1166 733 1259 promissa
749 1162 942 1247 flexissent,
958 1162 1040 1230 boni
1052 1160 1196 1255 exempli
1208 1176 1383 1248 tenacem3

311 1283 403 1377 quod
415 1280 653 1350 difficillimum
668 1294 737 1360 est,
756 1280 793 1345 in
811 1278 902 1347 bello
921 1280 1156 1366 innocentem
1172 1279 1231 1370 qui
1243 1277 1386 1370 aliquod

311 1423 385 1469 esse
400 1395 558 1466 crederet
573 1396 673 1465 etiam
693 1396 730 1461 in
744 1393 883 1463 hostes'
898 1395 1009 1484 nelas;
1030 1393 1089 1487 qui
1109 1396 1144 1462 in
1161 1416 1291 1463 summa
1305 1418 1388 1486 pau·

311 1528 461 1609 peruste,
481 1504 606 1605 quam³
624 1510 689 1579 sibi
703 1508 809 1579 decus
823 1510 968 1593 lecerat,
987 1534 1057 1578 non
1076 1510 1175 1578 aliter
1189 1509 1320 1602 refugit
1329 1508 1386 1577 di·

311 1634 431 1714 vitias,
451 1654 553 1724 quam
569 1652 751 1697 venenum.
771 1629 908 1711 «Vive,
926 1620 1082 1721 inquitl,
1100 1627 1270 1696 beneficio
1288 1650 1384 1709 meo,

312 1747 464 1841 Pyrrhe3
488 1760 522 1812 et
537 1743 668 1838 gaude,
686 1742 780 1835 quod
797 1742 910 1812 adbuc
926 1742 1087 1827 dolebas,
1106 1740 1306 1813 Fabricium
1319 1768 1387 1812 non

275 1911 289 1961 t
314 1885 412 1959 posse
430 1861 617 1955 corrumpi.
639 1888 655 1923 a
677 1861 836 1928 Horatius
854 1860 974 1929 Cocles
994 1861 1084 1930 solus
1101 1860 1257 1953 implevit
1274 1860 1388 1953 pontis

314 1980 507 2073 angustias,
523 1972 697 2069 adimique
711 1999 732 2044 a
746 1991 843 2070 tergo
861 1977 926 2045 sibi
942 1975 1110 2061 reditum,
1127 1976 1310 2045 dummodo
1323 1978 1388 2045 iter

315 2097 405 2166 hosti
421 2095 627 2180 auferretur,
640 2092 762 2186 jussit,
780 2108 815 2161 et
831 2112 899 2161 tam
918 2091 979 2161 diu
995 2095 1119 2162 restitit
1132 2092 1383 2188 prementibus,

316 2215 425 2284 donec
447 2212 581 2289 revulsa
598 2210 731 2306 ingenti
754 2211 854 2278 ruina
874 2211 969 2304 tigna
988 2227 1185 2280 tonuerunt.
1206 2208 1388 2303 Postquam

316 2330 482 2424 respexit,
506 2342 540 2397 ct
562 2346 656 2395 extro
678 2326 869 2419 periculum
896 2308 969 2395 esse
990 2328 1132 2420 patriam
1149 2325 1305 2420 periculo
1329 2349 1388 2392 suo

277 2470 294 2523 ε
318 2447 443 2516 sensit:
462 2446 633 2532 «Veniat,
648 2444 764 2536 siquis
774 2444 848 2513 vult
859 2493 869 2529 ,
882 2443 1012 2537 inquit,
1029 2445 1077 2512 sic
1090 2459 1225 2512 euntem
1241 2438 1354 2535 sequi!
1368 2468 1384 2503 s

319 2559 481 2653 deditque
500 2582 536 2627 se
557 2560 593 2627 in
611 2582 786 2651 praeceps3
813 2573 847 2625 et
868 2582 937 2626 non
954 2559 1067 2627 minus
1084 2556 1247 2626 sollicitus
1270 2557 1309 2624 in
1329 2555 1388 2622 illo

319 2806 420 2878 terjects
428 2822 505 2871 anno,
514 2815 600 2857 contra
609 2800 737 2874 Pyrrhum
747 2800 834 2853 Fabri·
883 2800 935 2853 dici
946 2812 1032 2855 contra
1045 2820 1148 2871 regem,
1163 2800 1190 2853 id
1202 2812 1251 2862 cst,
1265 2818 1352 2872 regern
1362 2818 1387 2851 ss

319 2882 372 2937 cius
383 2895 419 2935 est
429 2882 553 2935 missus...
564 2880 646 2945 Tum,
659 2899 737 2950 quum
748 2879 833 2931 vicina
883 2879 1022 2932 occisorum
1034 2878 1149 2951 polliciti.

319 2973 396 3015 castra
407 2960 461 3028 ipss
475 2971 500 3013 st
513 2978 555 3012 res
568 2958 707 3021 baberent,
719 2956 833 3009 medicus
916 2976 939 3009 s.
951 2956 986 3007 In
997 2957 1088 3009 hostes·
1100 2956 1143 3009 Sic
1161 2957 1281 3009 Erasmus
1301 2996 1310 3021 ,
1323 2956 1389 3007 llius.

318 3036 411 3108 Pyrrhi
427 3036 460 3088 sd
472 3055 529 3088 enm
546 3047 620 3087 nocte
635 3034 717 3095 venit,
729 3034 832 3106 promit·
881 3035 960 3089 editio
970 3035 1192 3109 antiqua:l.ipsius
1201 3040 1244 3087 :in
1252 3038 1331 3088 hoste.
1341 3034 1376 3086 lt

319 3124 375 3165 tens
388 3130 487 3166 veneno
500 3110 628 3184 Pyrrhum
639 3111 798 3173 occisurum,
808 3108 831 3161 si
913 3114 937 3167 3.
954 3113 1052 3184 Quam.
1072 3113 1117 3167 Sic
1136 3132 1226 3167 omnes
1244 3112 1352 3186 palatini
1366 3126 1389 3163 st

319 3189 368 3243 sibi
387 3190 485 3260 aliquid
503 3188 676 3263 polliceretur;
693 3207 770 3259 quern
786 3188 835 3241 Fa·
883 3192 961 3247 editio
974 3204 1024 3243 ant.
1037 3191 1155 3245 Erasmus
1166 3204 1253 3244 tsmrn
1264 3209 1344 3259 :qua
1355 3190 1390 3241 R.

320 3266 413 3321 bricius
431 3268 543 3319 vinctum
562 3267 648 3321 reduci
659 3266 728 3336 iussit
744 3265 776 3317 ad
792 3265 834 3317 do·
915 3274 940 3338 4.
952 3274 1031 3333 Vive,
1047 3269 1391 3340 inquit...oomsmpi.1’ln·

320 3346 433 3411 minum,
447 3346 596 3419 Pyrrhoque
610 3346 659 3400 dici
672 3365 729 3417 quse
747 3358 833 3398 contre
882 3348 980 3402 tsrcbus
998 3346 1154 3400 conservarit
1167 3346 1299 3419 epistolam
1311 3367 1327 3399 a
1336 3348 1391 3399 Fa·

321 3424 832 3498 cspnteiusmedicnsspopondisset'sum
882 3428 962 3481 bricio
983 3440 1008 3479 et
1026 3427 1078 3498 ejus
1105 3426 1204 3499 collega
1229 3427 1265 3495 Q
1280 3426 1390 3479 AEsnilio

321 3524 365 3558 rex
383 3502 519 3556 admiratus
538 3523 610 3568 snm,
630 3504 722 3557 dixisse
739 3505 834 3555 fertur:
883 3506 952 3561 Coss.
965 3524 987 3559 a.
1002 3505 1031 3557 U.
1042 3525 1064 3557 c.
1078 3506 1126 3571 474
1137 3504 1168 3556 sd
1182 3504 1312 3574 Pyrrhum
1325 3504 1391 3557 mis·

321 3582 369 3635 llis
384 3593 420 3635 est
438 3580 584 3648 Fabricius,
602 3581 647 3652 qui
660 3580 791 3635 difficilius
801 3580 833 3634 sb
859 3582 863 3589 “
880 3604 932 3637 ssm
945 3581 1037 3635 diversi
1050 3582 1192 3652 argumenti
1204 3598 1211 3632 t
1222 3582 1316 3653 Neque
1326 3583 1392 3635 smi-

322 3660 472 3721 bonsstste,
491 3680 567 3730 quam
592 3660 629 3713 sol
650 3679 664 3712 s
687 3680 762 3713 cursu
786 3680 832 3713 sno
881 3660 1392 3729 corumvideris,nsquebostiumssseic-

322 3739 402 3794 sveni
416 3751 501 3810 potest
513 3760 526 3785 υ
540 3741 571 3791 Α.
584 3738 682 3791 Gellius
696 3738 771 3791 nobis
781 3758 832 3791 ser·
881 3740 915 3792 lis
927 3738 1009 3811 judex.
1022 3738 1117 3805 Lectis,
1132 3756 1191 3809 quss
1203 3738 1237 3791 ad
1249 3756 1299 3791 uos
1310 3738 1391 3791 missa

322 3816 391 3869 savit
406 3814 536 3887 epistolant
558 3835 635 3885 qnam
656 3816 787 3869 Fabricius
801 3816 832 3867 dc
880 3830 953 3881 sunt,
977 3816 1080 3878 litteris,
1097 3834 1249 3888 cognosces,
1265 3826 1293 3870 ts
1305 3830 1392 3870 contra

322 3890 372 3944 boc
393 3890 425 3943 ad
449 3892 576 3961 Pyrrhum
601 3893 713 3965 scripsit,
733 3894 833 3965 plenem
882 3894 962 3945 bonos
976 3905 999 3944 st
1012 3892 1088 3961 justos
1101 3892 1275 3945 sirosbellum
1290 3914 1391 3967 gerere,

323 3968 404 4022 snimi
417 3968 601 4041 magnitudine.
882 3970 983 4044 perfidis
1008 3977 1034 4021 st
1053 3967 1172 4043 improbis
1191 3970 1286 4023 babere
1307 3969 1392 4023 fidem-

360 4067 381 4099 t.
395 4046 457 4099 Non
475 4050 558 4117 regis,
579 4066 628 4100 non
646 4058 734 4099 contro
750 4066 833 4116 regom
883 4050 971 4119 Neque
983 4066 1044 4099 vcro
1063 4048 1116 4101 bec
1135 4068 1197 4114 nos,
1215 4069 1268 4119 quo
1285 4049 1392 4122 gratiam

322 4127 461 4193 promisso.
483 4128 533 4179 lnt.
557 4146 608 4180 non
628 4127 750 4201 promissa
766 4128 834 4199 regis
883 4144 1037 4178 emereamur
1057 4138 1145 4191 mam,
1166 4122 1311 4179 indicamus
1328 4125 1391 4187 tibi,

325 4222 432 4274 regnum
441 4204 583 4268 ollsrsntis,
594 4223 645 4257 non
654 4206 775 4279 promissa
783 4224 833 4257 me·
883 4205 927 4257 ssd
941 4224 973 4255 ne
985 4223 1055 4257 tuus
1067 4217 1123 4257 tuus
1137 4218 1250 4276 aspergat
1267 4204 1392 4259 motulam
