2950 4934
341 459 407 528 350
631 450 670 521 1..
698 448 874 518 ANNAEI
898 446 1116 518 SENECAE

341 582 432 678 quod
441 584 531 651 euim
547 579 939 675 experimentum¹aniu1i
953 578 1081 671 sumpsi
1095 576 1207 645 subito
1223 578 1310 645 :bne
1320 580 1410 647 enim

340 717 392 772 est
406 698 593 793 simplicius
611 713 646 765 et
662 698 789 765 verius.
810 698 895 765 Nam
914 695 975 763 ubi
992 716 1030 764 se
1047 694 1273 789 preparavit,
1294 712 1331 763 et
1356 697 1411 763 in-

339 818 424 886 dixit
433 815 499 885 sibi
508 816 704 909 patientiam
716 842 726 900 3
742 837 812 881 non
825 835 923 905 aeque
932 827 1096 905 apparet,
1109 826 1274 903 quantum
1286 810 1417 881 babeat

337 956 427 1003 verae
442 933 613 1001 firmitatis
635 958 643 997 ι
663 930 722 999 illa
732 944 820 998 'sunt
834 930 1024 997 certissima
1041 944 1264 1022 argumenta,
1279 950 1356 1021 que
1369 952 1410 995 er

337 1055 513 1144 ternpore¹
534 1047 646 1135 dedit,
667 1048 695 1115 si
714 1068 784 1115 non
802 1062 933 1114 tantum
946 1068 1063 1138 equum
1081 1045 1239 1125 molesta,
1256 1043 1320 1112 sed
1337 1044 1410 1138 pls·

336 1167 451 1250 cidus,
473 1166 622 1259 asperit3
638 1165 666 1233 si
680 1186 750 1233 non
768 1162 971 1247 excanduit,
989 1186 1056 1230 non
1071 1161 1237 1255 litigavit3
1250 1162 1300 1242 si,
1316 1160 1411 1252 quod

321 1279 411 1349 ‘dari
428 1280 592 1359 deberet,
615 1280 689 1373 ipse
703 1277 792 1358 sibi,
812 1300 883 1345 non
904 1275 1148 1358 desiderando,
1167 1274 1360 1369 supplerit,
1375 1292 1425 1344 et.

337 1397 522 1489 cogitavit,
544 1392 678 1486 aliquid
703 1390 941 1461 consuetudini
964 1416 1056 1474 suar,
1077 1391 1145 1459 sibi
1167 1389 1256 1458 nihil
1276 1387 1406 1459 deesse.
1470 1479 1471 1484 ἵ

295 1534 311 1585 5
336 1512 461 1593 Multa,
484 1534 586 1602 quam
602 1530 811 1601 superruens
831 1522 965 1588 essent,
985 1530 1054 1574 non
1073 1504 1324 1586 intelleximus,
1345 1506 1410 1573 uisi

337 1618 441 1717 quum
460 1622 577 1693 deesse
600 1638 790 1716 cmperunt.
811 1620 1000 1691 Utabamnr
1015 1622 1105 1689 enim
1125 1619 1220 1703 illis,
1241 1643 1313 1687 non
1330 1620 1411 1711 quia

338 1738 571 1819 debebamus,
600 1736 662 1805 sed
687 1738 770 1829 qnia
796 1735 1018 1805 habebamus.
1041 1736 1155 1828 Quam
1173 1734 1280 1803 multa
1296 1750 1409 1803 antem

338 1876 508 1947 paramus,
522 1855 603 1946 quia
616 1854 675 1921 alii
684 1870 907 1945 paraverunt,
924 1855 1004 1945 quia
1014 1850 1106 1945 apud
1118 1852 1302 1946 plerosque
1312 1846 1407 1919 sunt!

337 1971 432 2035 Inter
457 1990 573 2036 causas
598 1967 764 2035 malorum
781 1983 974 2035 nostrorum
994 1983 1066 2048 est,
1091 1964 1185 2059 quod
1204 1967 1352 2033 vivimus
1368 1965 1411 2033 ad
1470 2027 1471 2038 ,

338 2086 518 2176 exempla,
549 2106 612 2150 nee
633 2082 766 2150 ratione
789 2084 1049 2176 componimur,
1077 2081 1138 2151 sed
1164 2082 1412 2151 mnsuetudine

298 2213 314 2264 t
338 2196 552 2265 abducimur.
570 2192 697 2286 Quod,
718 2196 748 2263 si
765 2196 866 2289 pauci
884 2195 1054 2279 lacerent,
1076 2196 1242 2265 nollemus
1260 2196 1409 2280 imitari,
1470 2211 1471 2216 ’

339 2336 445 2404 quum
460 2298 702 2405 plureslaeere
718 2329 896 2404 creperunt
915 2314 1033 2405 (quasi
1059 2312 1236 2381 honestius
1249 2312 1314 2397 sit,
1331 2312 1412 2403 quia

339 2429 571 2520 frequentius)
581 2477 593 2514 ,
624 2429 816 2519 sequimur,
841 2444 876 2496 et
894 2429 978 2497 recti
997 2429 1089 2523 apud
1106 2452 1167 2496 nos
1186 2429 1299 2497 locum
1320 2443 1413 2495 tenet

339 2568 453 2624 error,
477 2544 537 2615 ubi
558 2543 716 2637 publicus
740 2544 847 2613 factus
864 2562 928 2613 est.
948 2546 1075 2614 Omnes
1093 2547 1164 2638 jam
1181 2546 1232 2615 sie
1248 2548 1413 2639 peregri-

336 2678 481 2749 uantur,
507 2676 546 2728 ut
569 2658 646 2728 illos
670 2654 918 2728 Numidarum³
943 2652 1130 2755 praecurrat
1157 2660 1354 2751 equitatus,
1375 2676 1414 2725 nt

338 2802 461 2873 agmen
478 2802 653 2847 cursurum
675 2776 854 2846 antecedat
873 2804 880 2845 ι
899 2794 999 2872 turpe
1018 2794 1089 2860 est,
1107 2774 1220 2845 nullos
1237 2801 1333 2859 esse,
1352 2778 1414 2868 qui

338 3023 381 3096 qui
403 3022 479 3075 lubet
493 3040 587 3075 rcoem
609 3021 702 3085 Diali,
726 3022 848 3097 probante
896 3012 973 3095 quem
986 3022 1051 3077 illud
1062 3023 1093 3076 sd
1106 3043 1170 3094 quus
1182 3022 1301 3075 venimus
1312 3041 1416 3095 prete·
1470 2973 1471 3058 l

338 3102 438 3173 lipsio,
457 3100 502 3170 qui
520 3100 586 3171 cepit
597 3100 628 3153 de
642 3100 714 3153 loris
732 3100 808 3173 epulo
820 3100 850 3153 in
897 3100 968 3153 denti
976 3102 1129 3175 cogitatione
1136 3100 1237 3154 muniti.
1246 3102 1415 3173 lnexspseta-

339 3177 468 3251 Capitulio
483 3178 508 3247 S.
526 3178 550 3230 5.
562 3203 595 3217 ·-
606 3178 721 3233 Cana...
732 3180 850 3231 uiuat.
897 3190 923 3231 te
935 3179 1007 3231 enirn
1021 3199 1069 3233 ner
1079 3178 1165 3250 quales
1180 3199 1238 3233 vers
1248 3180 1332 3233 simus
1346 3200 1414 3251 pro-
1470 3193 1471 3196 ’

339 3256 378 3309 Cf.
390 3255 423 3308 ad
437 3258 484 3329 Ep.
495 3270 574 3321 xcxv,
589 3256 630 3321 41.
643 3256 734 3311 Rult.
817 3293 820 3300 ,
897 3254 968 3308 bant.

374 3352 394 3385 r.
406 3335 526 3402 Almana
530 3335 600 3387 enim
613 3336 846 3400 experimentatus...
928 3355 953 3387 2.
961 3334 1013 3389 Ex
1024 3347 1149 3405 tempore,
1160 3336 1178 3389 i.
1193 3357 1215 3389 e.
1224 3334 1314 3401 illice,
1325 3335 1413 3389 surim

337 3415 441 3480 sumpsi
451 3413 544 3465 subito.
553 3412 688 3483 Perpetem
694 3414 848 3481 Aliquando
896 3433 927 3468 ae
937 3414 1169 3486 tempus,oeeasis,
1179 3414 1326 3487 postulavit.

336 3492 406 3541 enim
414 3488 507 3560 vulgo:
519 3491 698 3543 tumsubitum
710 3490 767 3543 edd.
780 3509 848 3545 eom·
929 3492 954 3545 ³.
966 3494 1152 3550 Numnam
1169 3492 1237 3545 tiam
1252 3511 1334 3563 prm
1351 3513 1418 3545 arn-

338 3568 414 3621 mode
428 3566 544 3637 quidem,
559 3568 603 3621 sed
622 3568 807 3641 refragantibus
820 3590 849 3621 a.
897 3571 992 3625 bitione
1002 3610 1010 3638 ,
1022 3571 1131 3638 scilicet,
1146 3572 1179 3625 ob
1190 3575 1286 3625 lamam
1297 3588 1415 3627 veterem

337 3667 358 3699 c.
369 3648 404 3701 lt.
418 3649 455 3701 A.
472 3646 515 3717 qui
532 3646 560 3698 in
577 3647 662 3699 subito
678 3648 848 3701 consentiunt.
897 3649 1030 3705 Numidici
1043 3652 1183 3722 equitatus,
1198 3652 1261 3705 tales
1274 3652 1303 3704 in
1316 3654 1418 3707 itinere

338 3723 849 3793 llloxlrpefflmesttimpl.dederelltlem
897 3724 984 3789 adesse
999 3728 1049 3782 sibi
1065 3729 1159 3781 divites
1175 3728 1220 3782 isti
1234 3730 1377 3797 solebant,
1394 3746 1419 3781 et
1470 3735 1471 3782 ἔ

338 3801 397 3855 libri
414 3823 473 3855 cum
491 3802 565 3855 Grut.
581 3801 661 3860 Abest
676 3804 847 3874 vulgueru'm,
896 3828 990 3881 agmen
1008 3807 1140 3863 ducebant.
1159 3810 1256 3862 Notavi
1270 3808 1419 3863 etfirmavi
1470 3793 1471 3850 l

338 3880 849 3955 neeldmale.Sclte¹.-lnt.potuierpe-
898 3886 1016 3960 exemplis
1032 3886 1066 3939 ed
1078 3889 1102 3939 ll
1115 3887 1195 3939 Tacit.
1211 3887 1280 3939 llist.
1291 3885 1420 3955 lips-
1470 3903 1471 3906 ’

337 3959 383 4011 riri
393 3959 508 4016 animum
517 3978 602 4012 meum
609 3960 702 4026 subito,
711 3978 788 4030 quum
796 3977 848 4013 uon
897 3964 1087 4019 Nunridonsm.
1098 3964 1140 4017 Cl.
1148 3964 1182 4017 ad
1194 3963 1274 4037 Epist.
1284 3981 1421 4034 mxvn,

337 4058 363 4090 se
372 4038 558 4111 preparavissel
565 4039 598 4091 ad
605 4038 768 4111 patiendnmt
779 4039 847 4109 etqui
897 4043 922 4095 Β.
930 4042 1054 4097 Eamdem
1063 4055 1107 4095 aut
1112 4041 1224 4095 similem
1230 4042 1365 4097 luxuriem
1373 4047 1421 4099 bo·

337 4116 387 4171 boe
395 4116 593 4193 experimentum
604 4118 636 4171 ed
649 4116 812 4188 qusdsnbitu
824 4129 849 4171 et
884 4117 1002 4176 ,dicdum
1010 4118 1421 4192 observerelicetspndbomines

338 4194 454 4267 imparati
462 4194 606 4249 resedimus
615 4192 697 4249 multo
706 4194 789 4249 verint
797 4206 847 4261 est,
898 4196 992 4251 divitiis
1004 4197 1136 4250 affluentes
1147 4198 1325 4269 Angliae,ete.
1340 4202 1381 4255 R.
