<?xml version="1.0" encoding="UTF-8"?>
<!DOCTYPE html PUBLIC "-//W3C//DTD XHTML 1.0 Transitional//EN"
    "http://www.w3.org/TR/xhtml1/DTD/xhtml1-transitional.dtd">
<html xmlns="http://www.w3.org/1999/xhtml" xml:lang="en" lang="en">
 <head>
  <title>
</title>
<meta http-equiv="Content-Type" content="text/html;charset=utf-8" />
  <meta name='ocr-system' content='tesseract 3.04.00' />
  <meta name='ocr-capabilities' content='ocr_page ocr_carea ocr_par ocr_line ocrx_word'/>
</head>
<body>
  <div class='ocr_page' id='page_1' title='image "./lannsenecparspr04bouigoog_0602.png"; bbox 0 0 2950 4934; ppageno 0'>
   <div class='ocr_carea' id='block_1_1' title="bbox 327 445 1034 552">
    <p class='ocr_par' dir='ltr' id='par_1_1' title="bbox 327 445 1034 552">
     <span class='ocr_line' id='line_1_1' title="bbox 327 445 1034 552; baseline -0.011 -26"><span class='ocrx_word' id='word_1_1' title='bbox 327 456 397 552; x_wconf 73' lang='lat'>⁵94</span> <span class='ocrx_word' id='word_1_2' title='bbox 589 445 604 470; x_wconf 77' lang='grc'>’·</span> <span class='ocrx_word' id='word_1_3' title='bbox 699 450 849 522; x_wconf 80' lang='lat' dir='ltr'>susm</span> <span class='ocrx_word' id='word_1_4' title='bbox 871 450 1034 523; x_wconf 80' lang='lat' dir='ltr'>mrsu</span> 
     </span>
    </p>
   </div>
   <div class='ocr_carea' id='block_1_2' title="bbox 322 595 1395 787">
    <p class='ocr_par' dir='ltr' id='par_1_2' title="bbox 322 595 1395 787">
     <span class='ocr_line' id='line_1_2' title="bbox 324 595 1395 682; baseline -0.008 -20"><span class='ocrx_word' id='word_1_5' title='bbox 324 622 360 662; x_wconf 89' lang='lat' dir='ltr'>eo</span> <span class='ocrx_word' id='word_1_6' title='bbox 370 619 462 682; x_wconf 86' lang='lat' dir='ltr'>usqne</span> <span class='ocrx_word' id='word_1_7' title='bbox 477 597 661 676; x_wconf 72' lang='lat' dir='ltr'>delinquere,</span> <span class='ocrx_word' id='word_1_8' title='bbox 676 607 707 658; x_wconf 86' lang='lat' dir='ltr'>et</span> <span class='ocrx_word' id='word_1_9' title='bbox 719 605 825 658; x_wconf 79' lang='lat' dir='ltr'>terram</span> <span class='ocrx_word' id='word_1_10' title='bbox 837 597 910 657; x_wconf 84' lang='lat' dir='ltr'>lieri.</span> <span class='ocrx_word' id='word_1_11' title='bbox 928 595 1026 658; x_wconf 84' lang='lat' dir='ltr'>lees</span> <span class='ocrx_word' id='word_1_12' title='bbox 1040 597 1118 656; x_wconf 91' lang='lat' dir='ltr'>enim</span> <span class='ocrx_word' id='word_1_13' title='bbox 1132 598 1194 678; x_wconf 86' lang='lat' dir='ltr'>ejus</span> <span class='ocrx_word' id='word_1_14' title='bbox 1208 615 1309 657; x_wconf 84' lang='lat' dir='ltr'>versus</span> <span class='ocrx_word' id='word_1_15' title='bbox 1321 595 1395 656; x_wconf 87' lang='lat' dir='ltr'>vide.</span> 
     </span>
     <span class='ocr_line' id='line_1_3' title="bbox 322 700 1301 787; baseline -0.006 -19"><span class='ocrx_word' id='word_1_16' title='bbox 322 709 387 768; x_wconf 81' lang='lat' dir='ltr'>lam</span> <span class='ocrx_word' id='word_1_17' title='bbox 403 729 472 769; x_wconf 85' lang='lat' dir='ltr'>vero</span> <span class='ocrx_word' id='word_1_18' title='bbox 485 705 564 768; x_wconf 88' lang='lat' dir='ltr'>idem</span> <span class='ocrx_word' id='word_1_19' title='bbox 581 718 667 785; x_wconf 80' lang='lat' dir='ltr'>poeta</span> <span class='ocrx_word' id='word_1_20' title='bbox 678 701 828 787; x_wconf 55' lang='grc' dir='ltr'>Κωμίου</span> <span class='ocrx_word' id='word_1_21' title='bbox 845 703 915 766; x_wconf 78' lang='lat' dir='ltr'>lacit</span> <span class='ocrx_word' id='word_1_22' title='bbox 930 703 1027 766; x_wconf 87' lang='lat' dir='ltr'>dicere</span> <span class='ocrx_word' id='word_1_23' title='bbox 1041 703 1114 787; x_wconf 90' lang='lat' dir='ltr'>(lib.</span> <span class='ocrx_word' id='word_1_24' title='bbox 1130 705 1178 782; x_wconf 88' lang='lat' dir='ltr'>X,</span> <span class='ocrx_word' id='word_1_25' title='bbox 1196 700 1301 784; x_wconf 71' lang='lat' dir='ltr'>²5⁸l²</span> 
     </span>
    </p>
   </div>
   <div class='ocr_carea' id='block_1_3' title="bbox 480 816 1100 964">
    <p class='ocr_par' dir='ltr' id='par_1_3' title="bbox 480 816 1100 964">
     <span class='ocr_line' id='line_1_4' title="bbox 485 816 1100 888; baseline -0.003 -16"><span class='ocrx_word' id='word_1_26' title='bbox 485 816 1100 888; x_wconf 72' lang='lat' dir='ltr'>Necmoosanopucil‘hoebnrnquepolumqm</span> 
     </span>
     <span class='ocr_line' id='line_1_5' title="bbox 480 911 1036 964; baseline 0 0"><span class='ocrx_word' id='word_1_27' title='bbox 480 911 620 964; x_wconf 78' lang='lat' dir='ltr'>Credimus·</span> <span class='ocrx_word' id='word_1_28' title='bbox 1026 953 1036 964; x_wconf 89' lang='lat'>.</span> 
     </span>
    </p>
   </div>
   <div class='ocr_carea' id='block_1_4' title="bbox 313 1012 1461 3287">
    <p class='ocr_par' dir='ltr' id='par_1_4' title="bbox 313 1012 1461 3287">
     <span class='ocr_line' id='line_1_6' title="bbox 315 1012 787 1088; baseline -0.004 -14"><span class='ocrx_word' id='word_1_29' title='bbox 315 1013 401 1088; x_wconf 85' lang='lat' dir='ltr'>&#39;Quid</span> <span class='ocrx_word' id='word_1_30' title='bbox 414 1013 604 1075; x_wconf 68' lang='lat' dir='ltr'>facetissimus</span> <span class='ocrx_word' id='word_1_31' title='bbox 616 1012 787 1074; x_wconf 76' lang='lat' dir='ltr'>Anacreon?</span> 
     </span>
     <span class='ocr_line' id='line_1_7' title="bbox 635 1125 957 1196; baseline 0 -16"><span class='ocrx_word' id='word_1_32' title='bbox 635 1129 699 1182; x_wconf 79' lang='lat' dir='ltr'>ulm</span> <span class='ocrx_word' id='word_1_33' title='bbox 710 1125 856 1182; x_wconf 60' lang='lat' dir='ltr'>&amp;stand</span> <span class='ocrx_word' id='word_1_34' title='bbox 868 1125 957 1196; x_wconf 61' lang='lat' dir='ltr'>cipis,</span> 
     </span>
     <span class='ocr_line' id='line_1_8' title="bbox 633 1208 905 1280; baseline -0.015 -8"><span class='ocrx_word' id='word_1_35' title='bbox 633 1208 654 1272; x_wconf 77' lang='grc' dir='ltr'>ὁ</span> <span class='ocrx_word' id='word_1_36' title='bbox 668 1217 759 1280; x_wconf 70' lang='grc' dir='ltr'>δ’ἧλιος</span> <span class='ocrx_word' id='word_1_37' title='bbox 773 1219 905 1272; x_wconf 65' lang='grc' dir='ltr'>θάλασσαν·</span> 
     </span>
     <span class='ocr_line' id='line_1_9' title="bbox 636 1311 932 1378; baseline -0.003 -19"><span class='ocrx_word' id='word_1_38' title='bbox 636 1311 932 1378; x_wconf 75' lang='lat' dir='ltr'>Etpotntnquorrurss‚</span> 
     </span>
     <span class='ocr_line' id='line_1_10' title="bbox 630 1399 969 1469; baseline -0.006 -19"><span class='ocrx_word' id='word_1_39' title='bbox 630 1399 788 1469; x_wconf 66' lang='lat' dir='ltr'>Phoebusque</span> <span class='ocrx_word' id='word_1_40' title='bbox 800 1403 969 1468; x_wconf 75' lang='lat' dir='ltr'>polntaeqnor.</span> 
     </span>
     <span class='ocr_line' id='line_1_11' title="bbox 318 1494 1395 1584; baseline -0.006 -20"><span class='ocrx_word' id='word_1_41' title='bbox 318 1494 361 1564; x_wconf 81' lang='lat' dir='ltr'>&#39;Et</span> <span class='ocrx_word' id='word_1_42' title='bbox 373 1497 477 1576; x_wconf 80' lang='lat' dir='ltr'>infert,</span> <span class='ocrx_word' id='word_1_43' title='bbox 492 1503 595 1584; x_wconf 89' lang='lat' dir='ltr'>quidni</span> <span class='ocrx_word' id='word_1_44' title='bbox 609 1503 695 1563; x_wconf 77' lang='lat' dir='ltr'>etim</span> <span class='ocrx_word' id='word_1_45' title='bbox 710 1524 764 1562; x_wconf 88' lang='lat' dir='ltr'>nos</span> <span class='ocrx_word' id='word_1_46' title='bbox 779 1501 930 1562; x_wconf 78' lang='lat' dir='ltr'>bibamus?</span> <span class='ocrx_word' id='word_1_47' title='bbox 945 1499 1068 1560; x_wconf 85' lang='lat' dir='ltr'>Levibus</span> <span class='ocrx_word' id='word_1_48' title='bbox 1082 1499 1201 1560; x_wconf 88' lang='lat' dir='ltr'>testibus</span> <span class='ocrx_word' id='word_1_49' title='bbox 1214 1501 1253 1558; x_wconf 89' lang='lat' dir='ltr'>sit</span> <span class='ocrx_word' id='word_1_50' title='bbox 1266 1521 1283 1558; x_wconf 83' lang='lat' dir='ltr'>a</span> <span class='ocrx_word' id='word_1_51' title='bbox 1296 1508 1395 1581; x_wconf 82' lang='lat' dir='ltr'>magno</span> 
     </span>
     <span class='ocr_line' id='line_1_12' title="bbox 320 1604 1461 1692; baseline -0.002 -23"><span class='ocrx_word' id='word_1_52' title='bbox 320 1606 496 1692; x_wconf 81' lang='lat' dir='ltr'>Hippocrate</span> <span class='ocrx_word' id='word_1_53' title='bbox 509 1605 633 1690; x_wconf 87' lang='lat' dir='ltr'>pondus.</span> <span class='ocrx_word' id='word_1_54' title='bbox 653 1635 666 1661; x_wconf 76' lang='grc' dir='ltr'><strong>α</strong></span> <span class='ocrx_word' id='word_1_55' title='bbox 679 1608 757 1683; x_wconf 87' lang='lat' dir='ltr'>Soli,</span> <span class='ocrx_word' id='word_1_56' title='bbox 772 1606 877 1683; x_wconf 71' lang='lat' dir='ltr'>Luna,</span> <span class='ocrx_word' id='word_1_57' title='bbox 891 1609 993 1682; x_wconf 84' lang='lat' dir='ltr'>astris,</span> <span class='ocrx_word' id='word_1_58' title='bbox 1007 1607 1101 1689; x_wconf 87' lang='lat' dir='ltr'>inquit</span> <span class='ocrx_word' id='word_1_59' title='bbox 1114 1604 1164 1690; x_wconf 84' lang='lat' dir='ltr'>(de</span> <span class='ocrx_word' id='word_1_60' title='bbox 1177 1605 1340 1688; x_wconf 85' lang='lat' dir='ltr'>Flatibus),</span> <span class='ocrx_word' id='word_1_61' title='bbox 1353 1609 1395 1667; x_wconf 86' lang='lat' dir='ltr'>ria</span> <span class='ocrx_word' id='word_1_62' title='bbox 1460 1621 1461 1630; x_wconf 60' lang='lat'>¹</span> 
     </span>
     <span class='ocr_line' id='line_1_13' title="bbox 319 1713 1395 1798; baseline -0.004 -22"><span class='ocrx_word' id='word_1_63' title='bbox 319 1739 373 1798; x_wconf 89' lang='lat' dir='ltr'>per</span> <span class='ocrx_word' id='word_1_64' title='bbox 385 1715 534 1797; x_wconf 87' lang='lat' dir='ltr'>Spiritum.</span> <span class='ocrx_word' id='word_1_65' title='bbox 547 1714 621 1774; x_wconf 84' lang='lat' dir='ltr'>Nam</span> <span class='ocrx_word' id='word_1_66' title='bbox 633 1714 694 1798; x_wconf 79' lang='lat' dir='ltr'>igni</span> <span class='ocrx_word' id='word_1_67' title='bbox 704 1713 826 1795; x_wconf 81' lang='lat' dir='ltr'>Spiritus</span> <span class='ocrx_word' id='word_1_68' title='bbox 840 1726 883 1774; x_wconf 86' lang='lat' dir='ltr'>est</span> <span class='ocrx_word' id='word_1_69' title='bbox 892 1713 1040 1796; x_wconf 83' lang='lat' dir='ltr'>pabulum.</span> <span class='ocrx_word' id='word_1_70' title='bbox 1054 1713 1161 1796; x_wconf 85' lang='lat' dir='ltr'>Spiritu</span> <span class='ocrx_word' id='word_1_71' title='bbox 1175 1713 1307 1794; x_wconf 80' lang='lat' dir='ltr'>privatus</span> <span class='ocrx_word' id='word_1_72' title='bbox 1327 1715 1395 1796; x_wconf 83' lang='lat' dir='ltr'>ignis</span> 
     </span>
     <span class='ocr_line' id='line_1_14' title="bbox 317 1819 1396 1904; baseline -0.006 -21"><span class='ocrx_word' id='word_1_73' title='bbox 317 1847 379 1884; x_wconf 87' lang='lat' dir='ltr'>non</span> <span class='ocrx_word' id='word_1_74' title='bbox 398 1823 488 1904; x_wconf 82' lang='lat' dir='ltr'>possit</span> <span class='ocrx_word' id='word_1_75' title='bbox 503 1823 610 1882; x_wconf 80' lang='lat' dir='ltr'>virere.</span> <span class='ocrx_word' id='word_1_76' title='bbox 629 1847 643 1874; x_wconf 68' lang='lat' dir='ltr'>s</span> <span class='ocrx_word' id='word_1_77' title='bbox 662 1821 763 1902; x_wconf 85' lang='lat' dir='ltr'>Ipsum</span> <span class='ocrx_word' id='word_1_78' title='bbox 777 1819 956 1894; x_wconf 84' lang='lat' dir='ltr'>Homerum,</span> <span class='ocrx_word' id='word_1_79' title='bbox 972 1819 1134 1880; x_wconf 88' lang='lat' dir='ltr'>divinarum</span> <span class='ocrx_word' id='word_1_80' title='bbox 1148 1821 1280 1879; x_wconf 88' lang='lat' dir='ltr'>omnium</span> <span class='ocrx_word' id='word_1_81' title='bbox 1295 1821 1396 1879; x_wconf 80' lang='lat' dir='ltr'>iuren-</span> 
     </span>
     <span class='ocr_line' id='line_1_15' title="bbox 320 1922 1395 2010; baseline -0.006 -21"><span class='ocrx_word' id='word_1_82' title='bbox 320 1932 429 1989; x_wconf 90' lang='lat' dir='ltr'>tionum</span> <span class='ocrx_word' id='word_1_83' title='bbox 447 1928 554 1988; x_wconf 87' lang='lat' dir='ltr'>soutem</span> <span class='ocrx_word' id='word_1_84' title='bbox 566 1940 595 1987; x_wconf 86' lang='lat' dir='ltr'>et</span> <span class='ocrx_word' id='word_1_85' title='bbox 608 1927 748 2010; x_wconf 79' lang='lat' dir='ltr'>originem</span> <span class='ocrx_word' id='word_1_86' title='bbox 760 1923 841 2007; x_wconf 87' lang='lat' dir='ltr'>(vero</span> <span class='ocrx_word' id='word_1_87' title='bbox 852 1926 945 2008; x_wconf 84' lang='lat' dir='ltr'>elogio</span> <span class='ocrx_word' id='word_1_88' title='bbox 955 1949 972 1985; x_wconf 90' lang='lat' dir='ltr'>a</span> <span class='ocrx_word' id='word_1_89' title='bbox 981 1925 1128 1986; x_wconf 86' lang='lat' dir='ltr'>Macrobio</span> <span class='ocrx_word' id='word_1_90' title='bbox 1137 1925 1178 1984; x_wconf 91' lang='lat' dir='ltr'>sic</span> <span class='ocrx_word' id='word_1_91' title='bbox 1189 1922 1315 2005; x_wconf 89' lang='lat' dir='ltr'>dictum)</span> <span class='ocrx_word' id='word_1_92' title='bbox 1325 1925 1395 1984; x_wconf 86' lang='lat' dir='ltr'>idem</span> 
     </span>
     <span class='ocr_line' id='line_1_16' title="bbox 318 2021 1396 2115; baseline -0.006 -19"><span class='ocrx_word' id='word_1_93' title='bbox 318 2035 483 2096; x_wconf 76' lang='lat' dir='ltr'>Macrobius</span> <span class='ocrx_word' id='word_1_94' title='bbox 504 2057 539 2094; x_wconf 91' lang='lat' dir='ltr'>eo</span> <span class='ocrx_word' id='word_1_95' title='bbox 564 2035 661 2106; x_wconf 88' lang='lat' dir='ltr'>ducit;</span> <span class='ocrx_word' id='word_1_96' title='bbox 684 2035 734 2114; x_wconf 90' lang='lat' dir='ltr'>qui</span> <span class='ocrx_word' id='word_1_97' title='bbox 751 2059 765 2086; x_wconf 75' lang='lat' dir='ltr'>c</span> <span class='ocrx_word' id='word_1_98' title='bbox 778 2035 832 2092; x_wconf 87' lang='lat' dir='ltr'>sub</span> <span class='ocrx_word' id='word_1_99' title='bbox 846 2021 950 2115; x_wconf 76' lang='lat' dir='ltr'>poetici</span> <span class='ocrx_word' id='word_1_100' title='bbox 964 2033 1042 2093; x_wconf 91' lang='lat' dir='ltr'>nube</span> <span class='ocrx_word' id='word_1_101' title='bbox 1055 2033 1203 2115; x_wconf 84' lang='lat' dir='ltr'>figmenti,</span> <span class='ocrx_word' id='word_1_102' title='bbox 1220 2033 1333 2114; x_wconf 89' lang='lat' dir='ltr'>inquit,</span> <span class='ocrx_word' id='word_1_103' title='bbox 1349 2054 1396 2091; x_wconf 85' lang='lat' dir='ltr'>re-</span> 
     </span>
     <span class='ocr_line' id='line_1_17' title="bbox 313 2138 1394 2224; baseline -0.003 -21"><span class='ocrx_word' id='word_1_104' title='bbox 313 2164 383 2203; x_wconf 90' lang='lat' dir='ltr'>rum</span> <span class='ocrx_word' id='word_1_105' title='bbox 406 2141 582 2224; x_wconf 78' lang='lat' dir='ltr'>sapientibus</span> <span class='ocrx_word' id='word_1_106' title='bbox 600 2139 680 2200; x_wconf 90' lang='lat' dir='ltr'>dedit</span> <span class='ocrx_word' id='word_1_107' title='bbox 695 2139 817 2222; x_wconf 85' lang='lat' dir='ltr'>intelligi</span> <span class='ocrx_word' id='word_1_108' title='bbox 831 2164 839 2199; x_wconf 80' lang='lat' dir='ltr'>s</span> <span class='ocrx_word' id='word_1_109' title='bbox 852 2138 968 2221; x_wconf 84' lang='lat' dir='ltr'>quondo</span> <span class='ocrx_word' id='word_1_110' title='bbox 984 2139 1104 2214; x_wconf 71' lang='lat' dir='ltr'>lovem,</span> <span class='ocrx_word' id='word_1_111' title='bbox 1121 2161 1188 2200; x_wconf 90' lang='lat' dir='ltr'>cum</span> <span class='ocrx_word' id='word_1_112' title='bbox 1207 2139 1264 2200; x_wconf 88' lang='lat' dir='ltr'>diis</span> <span class='ocrx_word' id='word_1_113' title='bbox 1277 2142 1394 2210; x_wconf 79' lang='lat' dir='ltr'>ceteris,</span> 
     </span>
     <span class='ocr_line' id='line_1_18' title="bbox 316 2243 1392 2326; baseline -0.002 -19"><span class='ocrx_word' id='word_1_114' title='bbox 316 2248 424 2323; x_wconf 84' lang='lat' dir='ltr'>idest,</span> <span class='ocrx_word' id='word_1_115' title='bbox 446 2269 511 2307; x_wconf 90' lang='lat' dir='ltr'>cum</span> <span class='ocrx_word' id='word_1_116' title='bbox 530 2245 645 2319; x_wconf 78' lang='lat' dir='ltr'>stellis,</span> <span class='ocrx_word' id='word_1_117' title='bbox 659 2245 821 2326; x_wconf 84' lang='lat' dir='ltr'>profectum</span> <span class='ocrx_word' id='word_1_118' title='bbox 834 2247 865 2304; x_wconf 92' lang='lat' dir='ltr'>in</span> <span class='ocrx_word' id='word_1_119' title='bbox 887 2245 1056 2320; x_wconf 82' lang='lat' dir='ltr'>Oceanum,</span> <span class='ocrx_word' id='word_1_120' title='bbox 1078 2243 1261 2326; x_wconf 76' lang='lat' dir='ltr'>AEthiopibus</span> <span class='ocrx_word' id='word_1_121' title='bbox 1276 2245 1392 2305; x_wconf 88' lang='lat' dir='ltr'>eumad</span> 
     </span>
     <span class='ocr_line' id='line_1_19' title="bbox 316 2351 1395 2436; baseline -0.002 -21"><span class='ocrx_word' id='word_1_122' title='bbox 316 2355 416 2436; x_wconf 86' lang='lat' dir='ltr'>epulas</span> <span class='ocrx_word' id='word_1_123' title='bbox 432 2352 636 2436; x_wconf 75' lang='lat' dir='ltr'>invitantibus,</span> <span class='ocrx_word' id='word_1_124' title='bbox 651 2353 782 2434; x_wconf 87' lang='lat' dir='ltr'>scripsit;</span> <span class='ocrx_word' id='word_1_125' title='bbox 797 2353 978 2436; x_wconf 83' lang='lat' dir='ltr'>significans,</span> <span class='ocrx_word' id='word_1_126' title='bbox 992 2352 1101 2414; x_wconf 88' lang='lat' dir='ltr'>hauriri</span> <span class='ocrx_word' id='word_1_127' title='bbox 1114 2352 1152 2413; x_wconf 89' lang='lat' dir='ltr'>de</span> <span class='ocrx_word' id='word_1_128' title='bbox 1168 2351 1291 2412; x_wconf 89' lang='lat' dir='ltr'>humore</span> <span class='ocrx_word' id='word_1_129' title='bbox 1304 2354 1395 2413; x_wconf 84' lang='lat' dir='ltr'>nutri-</span> 
     </span>
     <span class='ocr_line' id='line_1_20' title="bbox 316 2457 1394 2542; baseline -0.002 -22"><span class='ocrx_word' id='word_1_130' title='bbox 316 2473 414 2520; x_wconf 87' lang='lat' dir='ltr'>menta</span> <span class='ocrx_word' id='word_1_131' title='bbox 429 2459 581 2520; x_wconf 86' lang='lat' dir='ltr'>sideribus.</span> <span class='ocrx_word' id='word_1_132' title='bbox 599 2486 613 2513; x_wconf 70' lang='lat' dir='ltr'>s</span> <span class='ocrx_word' id='word_1_133' title='bbox 630 2457 786 2542; x_wconf 83' lang='lat' dir='ltr'>Consignet</span> <span class='ocrx_word' id='word_1_134' title='bbox 799 2457 873 2519; x_wconf 90' lang='lat' dir='ltr'>hanc</span> <span class='ocrx_word' id='word_1_135' title='bbox 891 2461 1061 2520; x_wconf 89' lang='lat' dir='ltr'>sententiam</span> <span class='ocrx_word' id='word_1_136' title='bbox 1078 2473 1107 2520; x_wconf 86' lang='lat' dir='ltr'>et</span> <span class='ocrx_word' id='word_1_137' title='bbox 1122 2471 1218 2520; x_wconf 89' lang='lat' dir='ltr'>noster</span> <span class='ocrx_word' id='word_1_138' title='bbox 1227 2461 1394 2519; x_wconf 78' lang='lat' dir='ltr'>Ambrosius</span> 
     </span>
     <span class='ocr_line' id='line_1_21' title="bbox 318 2563 1397 2650; baseline 0 -24"><span class='ocrx_word' id='word_1_139' title='bbox 318 2566 364 2649; x_wconf 85' lang='lat'>(11</span> <span class='ocrx_word' id='word_1_140' title='bbox 378 2565 544 2644; x_wconf 82' lang='lat' dir='ltr'>Hexaem.,</span> <span class='ocrx_word' id='word_1_141' title='bbox 564 2586 628 2650; x_wconf 92' lang='lat' dir='ltr'>cap.</span> <span class='ocrx_word' id='word_1_142' title='bbox 647 2563 678 2648; x_wconf 86' lang='lat'>3)</span> <span class='ocrx_word' id='word_1_143' title='bbox 696 2589 705 2624; x_wconf 71' lang='grc' dir='ltr'><strong>ε</strong></span> <span class='ocrx_word' id='word_1_144' title='bbox 727 2563 931 2646; x_wconf 77' lang='lat' dir='ltr'>«Frequenter</span> <span class='ocrx_word' id='word_1_145' title='bbox 949 2565 1044 2626; x_wconf 88' lang='lat' dir='ltr'>Solem</span> <span class='ocrx_word' id='word_1_146' title='bbox 1061 2564 1191 2625; x_wconf 87' lang='lat' dir='ltr'>videmus</span> <span class='ocrx_word' id='word_1_147' title='bbox 1205 2565 1357 2626; x_wconf 87' lang='lat' dir='ltr'>madidum</span> <span class='ocrx_word' id='word_1_148' title='bbox 1371 2579 1397 2626; x_wconf 85' lang='lat' dir='ltr'>ct</span> 
     </span>
     <span class='ocr_line' id='line_1_22' title="bbox 318 2668 1397 2755; baseline 0.001 -24"><span class='ocrx_word' id='word_1_149' title='bbox 318 2684 479 2744; x_wconf 87' lang='lat' dir='ltr'>rorantem;</span> <span class='ocrx_word' id='word_1_150' title='bbox 494 2673 524 2731; x_wconf 94' lang='lat' dir='ltr'>in</span> <span class='ocrx_word' id='word_1_151' title='bbox 537 2693 595 2753; x_wconf 91' lang='lat' dir='ltr'>quo</span> <span class='ocrx_word' id='word_1_152' title='bbox 612 2668 729 2732; x_wconf 85' lang='lat' dir='ltr'>evidens</span> <span class='ocrx_word' id='word_1_153' title='bbox 743 2669 793 2731; x_wconf 89' lang='lat' dir='ltr'>dat</span> <span class='ocrx_word' id='word_1_154' title='bbox 803 2669 955 2745; x_wconf 88' lang='lat' dir='ltr'>indicium,</span> <span class='ocrx_word' id='word_1_155' title='bbox 968 2671 1047 2753; x_wconf 86' lang='lat' dir='ltr'>quod</span> <span class='ocrx_word' id='word_1_156' title='bbox 1057 2671 1223 2732; x_wconf 80' lang='lat' dir='ltr'>alimentum</span> <span class='ocrx_word' id='word_1_157' title='bbox 1237 2672 1293 2732; x_wconf 87' lang='lat' dir='ltr'>sibi</span> <span class='ocrx_word' id='word_1_158' title='bbox 1309 2696 1397 2755; x_wconf 78' lang='lat' dir='ltr'>aqua-</span> 
     </span>
     <span class='ocr_line' id='line_1_23' title="bbox 316 2755 1398 2861; baseline -0.001 -22"><span class='ocrx_word' id='word_1_159' title='bbox 316 2796 403 2855; x_wconf 83' lang='lat' dir='ltr'>rum,</span> <span class='ocrx_word' id='word_1_160' title='bbox 425 2778 463 2838; x_wconf 92' lang='lat' dir='ltr'>ad</span> <span class='ocrx_word' id='word_1_161' title='bbox 476 2780 644 2861; x_wconf 87' lang='lat' dir='ltr'>temperiem</span> <span class='ocrx_word' id='word_1_162' title='bbox 662 2779 706 2837; x_wconf 90' lang='lat' dir='ltr'>sui</span> <span class='ocrx_word' id='word_1_163' title='bbox 725 2777 915 2860; x_wconf 74' lang='lat' dir='ltr'>sumpserit.»</span> <span class='ocrx_word' id='word_1_164' title='bbox 934 2777 996 2838; x_wconf 86' lang='lat' dir='ltr'>Etsi</span> <span class='ocrx_word' id='word_1_165' title='bbox 1012 2778 1150 2839; x_wconf 88' lang='lat' dir='ltr'>indicium</span> <span class='ocrx_word' id='word_1_166' title='bbox 1169 2800 1238 2838; x_wconf 86' lang='lat' dir='ltr'>sane</span> <span class='ocrx_word' id='word_1_167' title='bbox 1251 2755 1398 2839; x_wconf 79' lang='lat' dir='ltr'>infirmum</span> 
     </span>
     <span class='ocr_line' id='line_1_24' title="bbox 315 2861 1461 2968; baseline 0.001 -23"><span class='ocrx_word' id='word_1_168' title='bbox 315 2900 382 2960; x_wconf 86' lang='lat' dir='ltr'>est,</span> <span class='ocrx_word' id='word_1_169' title='bbox 401 2897 430 2945; x_wconf 88' lang='lat' dir='ltr'>et</span> <span class='ocrx_word' id='word_1_170' title='bbox 450 2883 563 2967; x_wconf 89' lang='lat' dir='ltr'>plebeio</span> <span class='ocrx_word' id='word_1_171' title='bbox 586 2899 673 2945; x_wconf 82' lang='lat' dir='ltr'>sensu</span> <span class='ocrx_word' id='word_1_172' title='bbox 695 2880 799 2944; x_wconf 80' lang='lat' dir='ltr'>nixum</span> <span class='ocrx_word' id='word_1_173' title='bbox 814 2907 823 2943; x_wconf 76' lang='lat' dir='ltr'>s</span> <span class='ocrx_word' id='word_1_174' title='bbox 840 2893 870 2944; x_wconf 85' lang='lat' dir='ltr'>ot</span> <span class='ocrx_word' id='word_1_175' title='bbox 887 2877 948 2966; x_wconf 82' lang='lat' dir='ltr'>ejus</span> <span class='ocrx_word' id='word_1_176' title='bbox 971 2897 1066 2945; x_wconf 85' lang='lat' dir='ltr'>tomen</span> <span class='ocrx_word' id='word_1_177' title='bbox 1089 2907 1170 2945; x_wconf 87' lang='lat' dir='ltr'>mens</span> <span class='ocrx_word' id='word_1_178' title='bbox 1190 2899 1323 2968; x_wconf 84' lang='lat' dir='ltr'>apparet.</span> <span class='ocrx_word' id='word_1_179' title='bbox 1341 2887 1398 2946; x_wconf 90' lang='lat' dir='ltr'>Sed</span> <span class='ocrx_word' id='word_1_180' title='bbox 1460 2861 1461 2870; x_wconf 9' lang='grc' dir='ltr'>ἵ</span> 
     </span>
     <span class='ocr_line' id='line_1_25' title="bbox 317 2990 1400 3075; baseline 0.001 -23"><span class='ocrx_word' id='word_1_181' title='bbox 317 2993 437 3075; x_wconf 85' lang='lat' dir='ltr'>propius</span> <span class='ocrx_word' id='word_1_182' title='bbox 452 2992 561 3075; x_wconf 84' lang='lat' dir='ltr'>aliquid</span> <span class='ocrx_word' id='word_1_183' title='bbox 575 2991 613 3052; x_wconf 90' lang='lat' dir='ltr'>ad</span> <span class='ocrx_word' id='word_1_184' title='bbox 630 2993 718 3053; x_wconf 85' lang='lat' dir='ltr'>verba</span> <span class='ocrx_word' id='word_1_185' title='bbox 732 2990 848 3052; x_wconf 88' lang='lat' dir='ltr'>Laertii.</span> <span class='ocrx_word' id='word_1_186' title='bbox 871 2991 974 3053; x_wconf 76' lang='lat' dir='ltr'>Aiebat</span> <span class='ocrx_word' id='word_1_187' title='bbox 990 2991 1141 3068; x_wconf 86' lang='lat' dir='ltr'>distincte,</span> <span class='ocrx_word' id='word_1_188' title='bbox 1160 3019 1173 3046; x_wconf 71' lang='lat' dir='ltr'>a</span> <span class='ocrx_word' id='word_1_189' title='bbox 1185 2992 1280 3054; x_wconf 87' lang='lat' dir='ltr'>Solem</span> <span class='ocrx_word' id='word_1_190' title='bbox 1302 3017 1320 3052; x_wconf 91' lang='lat' dir='ltr'>e</span> <span class='ocrx_word' id='word_1_191' title='bbox 1334 3017 1400 3054; x_wconf 85' lang='lat' dir='ltr'>ma-</span> 
     </span>
     <span class='ocr_line' id='line_1_26' title="bbox 317 3097 1397 3184; baseline 0.001 -25"><span class='ocrx_word' id='word_1_192' title='bbox 317 3101 390 3159; x_wconf 91' lang='lat' dir='ltr'>rinis</span> <span class='ocrx_word' id='word_1_193' title='bbox 418 3102 501 3183; x_wconf 88' lang='lat' dir='ltr'>aquis</span> <span class='ocrx_word' id='word_1_194' title='bbox 516 3101 605 3182; x_wconf 88' lang='lat' dir='ltr'>pasci.</span> <span class='ocrx_word' id='word_1_195' title='bbox 621 3126 636 3153; x_wconf 75' lang='lat'>¹·</span> <span class='ocrx_word' id='word_1_196' title='bbox 660 3097 731 3160; x_wconf 90' lang='lat' dir='ltr'>Ideo</span> <span class='ocrx_word' id='word_1_197' title='bbox 746 3099 897 3160; x_wconf 89' lang='lat' dir='ltr'>Cleanthes</span> <span class='ocrx_word' id='word_1_198' title='bbox 924 3098 972 3182; x_wconf 91' lang='lat' dir='ltr'>(in</span> <span class='ocrx_word' id='word_1_199' title='bbox 987 3099 1112 3184; x_wconf 77' lang='lat' dir='ltr'>Stoboeo)</span> <span class='ocrx_word' id='word_1_200' title='bbox 1130 3101 1225 3161; x_wconf 90' lang='lat' dir='ltr'>Solem</span> <span class='ocrx_word' id='word_1_201' title='bbox 1259 3099 1397 3174; x_wconf 82' lang='lat' dir='ltr'>dicebat,</span> 
     </span>
     <span class='ocr_line' id='line_1_27' title="bbox 321 3193 1461 3287; baseline 0.006 -25"><span class='ocrx_word' id='word_1_202' title='bbox 321 3236 335 3262; x_wconf 73' lang='lat' dir='ltr'>e</span> <span class='ocrx_word' id='word_1_203' title='bbox 351 3207 456 3267; x_wconf 80' lang='lat' dir='ltr'>Facem</span> <span class='ocrx_word' id='word_1_204' title='bbox 478 3207 623 3267; x_wconf 87' lang='lat' dir='ltr'>intellectu</span> <span class='ocrx_word' id='word_1_205' title='bbox 639 3206 787 3287; x_wconf 70' lang='lat' dir='ltr'>preditam</span> <span class='ocrx_word' id='word_1_206' title='bbox 799 3231 811 3278; x_wconf 90' lang='lat'>;·</span> <span class='ocrx_word' id='word_1_207' title='bbox 832 3208 935 3267; x_wconf 74' lang='lat' dir='ltr'>emori</span> <span class='ocrx_word' id='word_1_208' title='bbox 954 3229 1112 3268; x_wconf 88' lang='lat' dir='ltr'>accensam.</span> <span class='ocrx_word' id='word_1_209' title='bbox 1132 3235 1146 3260; x_wconf 74' lang='lat' dir='ltr'>a</span> <span class='ocrx_word' id='word_1_210' title='bbox 1162 3207 1248 3282; x_wconf 83' lang='lat' dir='ltr'>Quod</span> <span class='ocrx_word' id='word_1_211' title='bbox 1271 3207 1312 3269; x_wconf 83' lang='lat' dir='ltr'>ad</span> <span class='ocrx_word' id='word_1_212' title='bbox 1338 3211 1399 3268; x_wconf 87' lang='lat' dir='ltr'>ali-</span> <span class='ocrx_word' id='word_1_213' title='bbox 1460 3193 1461 3196; x_wconf 8' lang='grc' dir='ltr'><strong>Ἴ</strong></span> 
     </span>
    </p>
   </div>
   <div class='ocr_carea' id='block_1_5' title="bbox 317 3311 1401 3397">
    <p class='ocr_par' dir='ltr' id='par_1_5' title="bbox 317 3259 1461 3397">
     <span class='ocr_line' id='line_1_28' title="bbox 317 3311 1401 3397; baseline 0.002 -24"><span class='ocrx_word' id='word_1_214' title='bbox 317 3325 415 3375; x_wconf 84' lang='lat' dir='ltr'>menta</span> <span class='ocrx_word' id='word_1_215' title='bbox 430 3313 613 3375; x_wconf 83' lang='lat' dir='ltr'>referendum</span> <span class='ocrx_word' id='word_1_216' title='bbox 629 3311 715 3373; x_wconf 88' lang='lat' dir='ltr'>modo</span> <span class='ocrx_word' id='word_1_217' title='bbox 729 3317 810 3387; x_wconf 84' lang='lat' dir='ltr'>csse,</span> <span class='ocrx_word' id='word_1_218' title='bbox 826 3335 887 3395; x_wconf 71' lang='lat' dir='ltr'>que</span> <span class='ocrx_word' id='word_1_219' title='bbox 901 3313 971 3374; x_wconf 88' lang='lat' dir='ltr'>inibi</span> <span class='ocrx_word' id='word_1_220' title='bbox 990 3327 1148 3396; x_wconf 87' lang='lat' dir='ltr'>sequuntur</span> <span class='ocrx_word' id='word_1_221' title='bbox 1162 3313 1275 3375; x_wconf 90' lang='lat' dir='ltr'>docent.</span> <span class='ocrx_word' id='word_1_222' title='bbox 1295 3313 1401 3397; x_wconf 80' lang='lat' dir='ltr'>Chry·</span> 
     </span>
    </p>
   </div>
   <div class='ocr_carea' id='block_1_6' title="bbox 317 3387 1461 3610">
    <p class='ocr_par' dir='ltr' id='par_1_6' title="bbox 317 3387 1461 3652">
     <span class='ocr_line' id='line_1_29' title="bbox 317 3387 1461 3505; baseline 0.002 -24"><span class='ocrx_word' id='word_1_223' title='bbox 317 3423 417 3505; x_wconf 77' lang='lat' dir='ltr'>cippus</span> <span class='ocrx_word' id='word_1_224' title='bbox 430 3423 486 3481; x_wconf 86' lang='lat' dir='ltr'>tale</span> <span class='ocrx_word' id='word_1_225' title='bbox 501 3447 510 3480; x_wconf 78' lang='lat' dir='ltr'>s</span> <span class='ocrx_word' id='word_1_226' title='bbox 528 3448 542 3475; x_wconf 75' lang='lat' dir='ltr'>c</span> <span class='ocrx_word' id='word_1_227' title='bbox 560 3421 657 3482; x_wconf 89' lang='lat' dir='ltr'>Solem</span> <span class='ocrx_word' id='word_1_228' title='bbox 677 3442 739 3481; x_wconf 89' lang='lat' dir='ltr'>esse</span> <span class='ocrx_word' id='word_1_229' title='bbox 754 3401 846 3480; x_wconf 77' lang='lat' dir='ltr'>sacerd</span> <span class='ocrx_word' id='word_1_230' title='bbox 864 3416 1012 3481; x_wconf 86' lang='lat' dir='ltr'>collectam</span> <span class='ocrx_word' id='word_1_231' title='bbox 1031 3435 1060 3482; x_wconf 91' lang='lat' dir='ltr'>ct</span> <span class='ocrx_word' id='word_1_232' title='bbox 1077 3443 1244 3496; x_wconf 85' lang='lat' dir='ltr'>accensam,</span> <span class='ocrx_word' id='word_1_233' title='bbox 1271 3422 1400 3483; x_wconf 84' lang='lat' dir='ltr'>intelle-</span> <span class='ocrx_word' id='word_1_234' title='bbox 1460 3387 1461 3470; x_wconf 64' lang='lat' dir='ltr'>l</span> 
     </span>
     <span class='ocr_line' id='line_1_30' title="bbox 318 3516 1402 3610; baseline 0.001 -21"><span class='ocrx_word' id='word_1_235' title='bbox 318 3529 458 3601; x_wconf 87' lang='lat' dir='ltr'>ctuolem,</span> <span class='ocrx_word' id='word_1_236' title='bbox 482 3549 518 3587; x_wconf 86' lang='lat' dir='ltr'>ex</span> <span class='ocrx_word' id='word_1_237' title='bbox 533 3549 639 3609; x_wconf 79' lang='lat' dir='ltr'>vapore</span> <span class='ocrx_word' id='word_1_238' title='bbox 653 3523 751 3587; x_wconf 81' lang='lat' dir='ltr'>maris.</span> <span class='ocrx_word' id='word_1_239' title='bbox 774 3553 787 3580; x_wconf 79' lang='lat' dir='ltr'>n</span> <span class='ocrx_word' id='word_1_240' title='bbox 808 3516 845 3585; x_wconf 72' lang='lat' dir='ltr'>Bt</span> <span class='ocrx_word' id='word_1_241' title='bbox 858 3528 936 3609; x_wconf 88' lang='lat' dir='ltr'>quod</span> <span class='ocrx_word' id='word_1_242' title='bbox 951 3549 1019 3588; x_wconf 85' lang='lat' dir='ltr'>mox</span> <span class='ocrx_word' id='word_1_243' title='bbox 1034 3527 1063 3587; x_wconf 92' lang='lat' dir='ltr'>iu</span> <span class='ocrx_word' id='word_1_244' title='bbox 1082 3525 1194 3588; x_wconf 84' lang='lat' dir='ltr'>Laertio</span> <span class='ocrx_word' id='word_1_245' title='bbox 1208 3529 1342 3610; x_wconf 87' lang='lat' dir='ltr'>sequitur</span> <span class='ocrx_word' id='word_1_246' title='bbox 1360 3531 1402 3590; x_wconf 89' lang='lat' dir='ltr'>de</span> 
     </span>
    </p>
   </div>
   <div class='ocr_carea' id='block_1_7' title="bbox 315 3631 1461 4253">
    <p class='ocr_par' dir='ltr' id='par_1_7' title="bbox 315 3631 1461 4144">
     <span class='ocr_line' id='line_1_31' title="bbox 318 3631 1461 3718; baseline 0.005 -25"><span class='ocrx_word' id='word_1_247' title='bbox 318 3631 401 3695; x_wconf 88' lang='lat' dir='ltr'>Luna</span> <span class='ocrx_word' id='word_1_248' title='bbox 409 3681 420 3716; x_wconf 21' lang='grc' dir='ltr'>,ι</span> <span class='ocrx_word' id='word_1_249' title='bbox 430 3663 444 3689; x_wconf 75' lang='lat' dir='ltr'>e</span> <span class='ocrx_word' id='word_1_250' title='bbox 458 3657 493 3695; x_wconf 87' lang='lat' dir='ltr'>ex</span> <span class='ocrx_word' id='word_1_251' title='bbox 507 3636 588 3718; x_wconf 85' lang='lat' dir='ltr'>aquis</span> <span class='ocrx_word' id='word_1_252' title='bbox 602 3632 732 3716; x_wconf 83' lang='lat' dir='ltr'>dulcibus</span> <span class='ocrx_word' id='word_1_253' title='bbox 746 3659 754 3693; x_wconf 72' lang='grc' dir='ltr'><strong>ε</strong></span> <span class='ocrx_word' id='word_1_254' title='bbox 771 3662 785 3689; x_wconf 77' lang='lat' dir='ltr'>n</span> <span class='ocrx_word' id='word_1_255' title='bbox 797 3633 874 3696; x_wconf 88' lang='lat' dir='ltr'>idem</span> <span class='ocrx_word' id='word_1_256' title='bbox 887 3633 1063 3717; x_wconf 83' lang='lat' dir='ltr'>Chrysippus</span> <span class='ocrx_word' id='word_1_257' title='bbox 1076 3657 1140 3696; x_wconf 89' lang='lat' dir='ltr'>eam</span> <span class='ocrx_word' id='word_1_258' title='bbox 1149 3635 1282 3696; x_wconf 79' lang='lat' dir='ltr'>dicebats</span> <span class='ocrx_word' id='word_1_259' title='bbox 1299 3663 1316 3690; x_wconf 72' lang='lat' dir='ltr'>o</span> <span class='ocrx_word' id='word_1_260' title='bbox 1330 3640 1401 3698; x_wconf 86' lang='lat' dir='ltr'>eol-</span> <span class='ocrx_word' id='word_1_261' title='bbox 1460 3657 1461 3668; x_wconf 62' lang='lat'>¹</span> 
     </span>
     <span class='ocr_line' id='line_1_32' title="bbox 315 3739 1400 3824; baseline 0.004 -24"><span class='ocrx_word' id='word_1_262' title='bbox 315 3739 420 3801; x_wconf 87' lang='lat' dir='ltr'>lectam</span> <span class='ocrx_word' id='word_1_263' title='bbox 446 3744 652 3824; x_wconf 81' lang='lat' dir='ltr'>accensamque</span> <span class='ocrx_word' id='word_1_264' title='bbox 665 3740 774 3814; x_wconf 83' lang='lat' dir='ltr'>facem,</span> <span class='ocrx_word' id='word_1_265' title='bbox 800 3755 865 3823; x_wconf 90' lang='lat' dir='ltr'>post</span> <span class='ocrx_word' id='word_1_266' title='bbox 887 3741 1201 3823; x_wconf 81' lang='lat' dir='ltr'>Solen1,exaquanrm</span> <span class='ocrx_word' id='word_1_267' title='bbox 1220 3743 1400 3824; x_wconf 85' lang='lat' dir='ltr'>potabilimn</span> 
     </span>
     <span class='ocr_line' id='line_1_33' title="bbox 316 3847 1400 3931; baseline 0.003 -22"><span class='ocrx_word' id='word_1_268' title='bbox 316 3871 460 3931; x_wconf 78' lang='lat' dir='ltr'>vapore.»</span> <span class='ocrx_word' id='word_1_269' title='bbox 479 3849 566 3908; x_wconf 87' lang='lat' dir='ltr'>Dicas</span> <span class='ocrx_word' id='word_1_270' title='bbox 587 3849 716 3921; x_wconf 83' lang='lat' dir='ltr'>existis,</span> <span class='ocrx_word' id='word_1_271' title='bbox 733 3847 811 3929; x_wconf 89' lang='lat' dir='ltr'>quod</span> <span class='ocrx_word' id='word_1_272' title='bbox 826 3847 915 3931; x_wconf 84' lang='lat' dir='ltr'>Ignea</span> <span class='ocrx_word' id='word_1_273' title='bbox 934 3847 1050 3929; x_wconf 89' lang='lat' dir='ltr'>quidem</span> <span class='ocrx_word' id='word_1_274' title='bbox 1067 3849 1181 3910; x_wconf 86' lang='lat' dir='ltr'>illorum</span> <span class='ocrx_word' id='word_1_275' title='bbox 1200 3864 1329 3925; x_wconf 78' lang='lat' dir='ltr'>natura,</span> <span class='ocrx_word' id='word_1_276' title='bbox 1347 3853 1400 3912; x_wconf 84' lang='lat' dir='ltr'>sed</span> 
     </span>
     <span class='ocr_line' id='line_1_34' title="bbox 318 3953 1398 4042; baseline 0.006 -28"><span class='ocrx_word' id='word_1_277' title='bbox 318 3956 404 4016; x_wconf 85' lang='lat' dir='ltr'>ardor</span> <span class='ocrx_word' id='word_1_278' title='bbox 417 3956 466 4015; x_wconf 88' lang='lat' dir='ltr'>ille</span> <span class='ocrx_word' id='word_1_279' title='bbox 488 3958 525 4016; x_wconf 88' lang='lat' dir='ltr'>sit</span> <span class='ocrx_word' id='word_1_280' title='bbox 546 3979 562 4018; x_wconf 89' lang='lat' dir='ltr'>e</span> <span class='ocrx_word' id='word_1_281' title='bbox 576 3956 695 4016; x_wconf 84' lang='lat' dir='ltr'>materia</span> <span class='ocrx_word' id='word_1_282' title='bbox 709 3955 769 4016; x_wconf 87' lang='lat' dir='ltr'>tali.</span> <span class='ocrx_word' id='word_1_283' title='bbox 789 3953 845 4016; x_wconf 90' lang='lat' dir='ltr'>Sed</span> <span class='ocrx_word' id='word_1_284' title='bbox 863 3955 964 4015; x_wconf 89' lang='lat' dir='ltr'>desino</span> <span class='ocrx_word' id='word_1_285' title='bbox 983 3955 1043 4015; x_wconf 83' lang='lat' dir='ltr'>baec</span> <span class='ocrx_word' id='word_1_286' title='bbox 1061 3957 1171 4018; x_wconf 90' lang='lat' dir='ltr'>minuta</span> <span class='ocrx_word' id='word_1_287' title='bbox 1182 3970 1212 4019; x_wconf 87' lang='lat' dir='ltr'>et</span> <span class='ocrx_word' id='word_1_288' title='bbox 1225 3981 1398 4042; x_wconf 82' lang='lat' dir='ltr'>seruposa:</span> 
     </span>
     <span class='ocr_line' id='line_1_35' title="bbox 318 4060 1048 4144; baseline 0.003 -23"><span class='ocrx_word' id='word_1_289' title='bbox 318 4065 375 4122; x_wconf 81' lang='lat' dir='ltr'>nisi</span> <span class='ocrx_word' id='word_1_290' title='bbox 389 4064 507 4124; x_wconf 83' lang='lat' dir='ltr'>fortasse</span> <span class='ocrx_word' id='word_1_291' title='bbox 523 4063 596 4122; x_wconf 90' lang='lat' dir='ltr'>nibil</span> <span class='ocrx_word' id='word_1_292' title='bbox 610 4063 640 4122; x_wconf 89' lang='lat' dir='ltr'>in</span> <span class='ocrx_word' id='word_1_293' title='bbox 658 4060 839 4144; x_wconf 88' lang='lat' dir='ltr'>Philosophia</span> <span class='ocrx_word' id='word_1_294' title='bbox 854 4083 973 4144; x_wconf 85' lang='lat' dir='ltr'>parvum</span> <span class='ocrx_word' id='word_1_295' title='bbox 988 4076 1048 4138; x_wconf 86' lang='lat' dir='ltr'>est,</span> 
     </span>
    </p>

    <p class='ocr_par' dir='ltr' id='par_1_8' title="bbox 618 4185 1026 4253">
     <span class='ocr_line' id='line_1_36' title="bbox 618 4185 1026 4253; baseline -0.005 -17"><span class='ocrx_word' id='word_1_296' title='bbox 618 4219 711 4238; x_wconf 91' lang='grc'><strong>......</strong></span> <span class='ocrx_word' id='word_1_297' title='bbox 721 4185 934 4253; x_wconf 57' lang='lat' dir='ltr'>pausanas</span> <span class='ocrx_word' id='word_1_298' title='bbox 945 4185 1026 4235; x_wconf 70' lang='lat' dir='ltr'>inillis</span> 
     </span>
    </p>
   </div>
   <div class='ocr_carea' id='block_1_8' title="bbox 480 4273 1058 4343">
    <p class='ocr_par' dir='ltr' id='par_1_9' title="bbox 480 4273 1058 4343">
     <span class='ocr_line' id='line_1_37' title="bbox 480 4273 1058 4343; baseline 0.002 -18"><span class='ocrx_word' id='word_1_299' title='bbox 480 4279 538 4338; x_wconf 73' lang='lat' dir='ltr'>Qua</span> <span class='ocrx_word' id='word_1_300' title='bbox 548 4293 619 4343; x_wconf 77' lang='lat' dir='ltr'>supra</span> <span class='ocrx_word' id='word_1_301' title='bbox 629 4281 703 4342; x_wconf 83' lang='lat' dir='ltr'>caput</span> <span class='ocrx_word' id='word_1_302' title='bbox 711 4273 814 4325; x_wconf 69' lang='lat' dir='ltr'>etherii·</span> <span class='ocrx_word' id='word_1_303' title='bbox 823 4283 954 4327; x_wconf 86' lang='lat' dir='ltr'>cernuntur</span> <span class='ocrx_word' id='word_1_304' title='bbox 965 4275 991 4325; x_wconf 92' lang='lat' dir='ltr'>in</span> <span class='ocrx_word' id='word_1_305' title='bbox 1002 4277 1058 4326; x_wconf 82' lang='lat' dir='ltr'>oris.</span> 
     </span>
    </p>
   </div>
   <div class='ocr_carea' id='block_1_9' title="bbox 0 0 1486 4934">
    <p class='ocr_par' dir='ltr' id='par_1_10' title="bbox 0 0 1486 4934">
     <span class='ocr_line' id='line_1_38' title="bbox 0 0 1486 4934; baseline 0 0"><span class='ocrx_word' id='word_1_306' title='bbox 0 0 1486 4934; x_wconf 95' lang='lat' dir='ltr'> </span> 
     </span>
    </p>
   </div>
  </div>
 </body>
</html>
