2950 4934
238 471 482 551 rntsros.
508 456 761 549 suntuna.
787 478 884 550 nur.
911 479 986 547 111.
1080 480 1149 577 ss,

75 625 184 704 quitur.
197 623 269 699 Quis
278 626 309 683 in
323 624 392 683 eoelo
402 624 457 684 iter
465 624 553 684 muris
562 624 655 685 vidit?
669 626 735 706 quis
745 624 842 685 attritu
857 622 986 706 lepidum
998 624 1151 688 scintillam

74 731 189 789 latentis
195 731 270 813 ignis
279 730 422 790 excussit?
431 731 497 811 quis
505 743 658 812 potestates
667 731 802 813 cognovit
810 728 985 791 herborum?
996 733 1042 791 cui
1052 753 1084 792 se
1093 744 1153 793 tota

73 836 348 899 „amulvinum
358 835 498 911 eunus,
516 850 545 897 u
559 836 703 918 pronon,
720 838 777 897 nui
792 838 915 912 sumo,
931 838 981 919 qui
996 858 1034 899 ex
1048 826 1153 901 estun·

74 954 119 1002 est
133 944 201 1025 igne
213 942 378 1024 proiectus?
394 942 462 1025 Ipse
476 956 624 1024 computos
639 942 773 1017 tradidit,
789 944 851 1025 ipse
865 942 938 1004 Solis
953 964 985 1005 ao
1000 944 1102 1019 Luna,
1119 960 1154 1007 a'c

73 1047 220 1107 stellarum
229 1069 346 1120 cursus,
360 1069 524 1132 regressus,
538 1050 691 1123 stationes,
707 1050 874 1125 societates,
885 1044 1060 1134 'augmentat
1075 1064 1154 1112 ottrt's

73 1155 431 1236 oeeauuqnc'monsnavit
442 1178 453 1214 x
466 1168 497 1216 et
508 1156 539 1214 iu
550 1153 703 1237 fragilitate
712 1157 818 1217 terreni
830 1158 958 1237 corporis
968 1159 1151 1232 constitutus,

73 1262 156 1321 breui
170 1261 325 1341 majestatis
337 1281 395 1321 snae
409 1260 624 1335 recordatione,
641 1260 701 1321 baeo
714 1263 812 1321 omnia
828 1274 861 1322 ut
874 1262 1016 1335 traderet,
1032 1279 1091 1322 non
1106 1264 1154 1323 dis·

73 1366 162 1440 dicit,
178 1366 230 1426 sed
246 1368 372 1449 agnovit.
388 1364 506 1429 »Vides
519 1367 663 1427 Platonica
675 1357 735 1427 baee
749 1389 812 1429 esse
826 1392 835 1427 r
848 1388 902 1428 nec
917 1388 970 1452 ego
985 1368 1071 1429 rideo
1079 1370 1151 1451 quid

71 1470 180 1553 (posito
191 1472 240 1531 illo
253 1472 395 1553 principio
405 1469 542 1555 originis)
556 1474 646 1555 possit
655 1473 770 1533 obduci.
784 1472 953 1534 Meminisse
967 1475 1054 1557 igitur
1072 1476 1152 1556 prio·

73 1601 140 1637 rum
150 1578 373 1652 concludamus,
387 1590 418 1638 et
426 1579 490 1640 sinc
500 1599 636 1639 sensuum
646 1592 697 1639 aut
706 1580 960 1641 instrumentorum
970 1596 1057 1661 opera
1065 1582 1150 1642 scire.

72 1685 231 1765 Dionysius
245 1684 487 1745 Halieamassaeus
501 1686 587 1745 etium
600 1707 702 1746 curare
716 1706 769 1746 nos
783 1698 812 1747 ct
825 1698 921 1747 nostra
935 1688 1053 1747 Animas
1066 1684 1151 1761 lacit,

73 1804 162 1873 atquc
178 1792 250 1853 adeo
264 1803 330 1851 rota
344 1792 489 1873 suscipere
499 1813 556 1873 ‚pro
570 1792 664 1851 nobis.
683 1815 693 1850 r
712 1791 835 1874 «Siquis
853 1793 933 1853 locus
953 1794 1071 1855 Animas
1088 1816 1153 1855 cor·

71 1920 145 1981 porc
168 1899 274 1958 solutas
290 1898 431 1979 excipiat3
452 1919 510 1957 non
525 1897 575 1957 ille
589 1896 790 1958 subterraneus
805 1910 855 1958 aut
871 1899 1041 1981 caliginosus
1055 1920 1150 1959 mcum

72 2006 184 2087 capiet,
194 2026 249 2067 uec
260 2001 418 2064 Obliuionis
430 2006 481 2085 qui
494 2004 599 2065 dicitur
610 2026 744 2086 campus,
760 2004 811 2065 sed
822 2006 871 2064 ille
881 2006 1011 2065 sublimis
1022 2018 1051 2066 et
1060 2026 1151 2089 purus

71 2112 190 2186 AEtber,
206 2113 237 2171 iu
252 2133 310 2192 qno
324 2099 453 2171 Deorum
467 2110 541 2169 filios
559 2121 588 2171 et
606 2109 718 2170 Heroas
730 2124 860 2192 ponunt;
877 2113 981 2193 quibus
997 2113 1045 2173 illa
1063 2114 1152 2195 pietr-

73 2234 134 2280 tem
150 2230 228 2278 tuum
243 2218 439 2292 renunciabit,
455 2230 485 2277 et
497 2218 617 2299 gratiam
636 2218 691 2277 sibi
707 2216 904 2299 honoremque
919 2218 1067 2293 hobitum,
1082 2242 1152 2302 pro-

72 2347 133 2407 que
148 2326 183 2383 iis
198 2346 312 2406 semper
327 2347 344 2384 a
361 2324 423 2384 Diis
438 2335 517 2407 petet
530 2322 693 2383 mercedem
713 2325 766 2383 tibi
789 2337 819 2385 et
838 2326 972 2407 preclara
993 2328 1118 2409 prumia.
1134 2352 1148 2380 s

71 2433 144 2507 Qua
157 2445 321 2515 postrema,
337 2433 402 2513 quis
417 2430 525 2491 abnuet
547 2430 585 2490 ud
606 2431 677 2490 scita
697 2432 843 2514 religionis
864 2444 966 2495 nostru
987 2434 1070 2495 esse?
1091 2432 1150 2495 Nec

71 2540 151 2600 ultra
166 2540 283 2615 insisto,
298 2539 367 2621 quio
383 2536 496 2600 Seneca
509 2537 569 2599 buc
583 2537 652 2599 olibi
665 2539 780 2597 intaeta.

304 2848 307 2851 .
380 2793 711 2863 ὓῐὸδΕΒΤΑΤῙΟ
738 2796 836 2864 XVI.

215 3030 321 3097 Dotis
334 3009 449 3103 Animis
467 3034 496 3095 V
494 3010 613 3105 arronii,
633 3044 661 3095 et
676 3056 711 3095 su
725 3034 845 3095 breuiter·
856 3035 1012 3115 expleam.

115 3282 217 3343 Fruws
231 3282 317 3340 etiam
329 3280 504 3355 Qnaestioues
517 3300 605 3361 super
616 3278 737 3353 Animo,
754 3300 826 3359 quas
841 3280 903 3360 ipse
913 3281 1063 3361 proposuit
1074 3302 1083 3338 r
1095 3280 1150 3339 ulia

69 3412 184 3473 pauca,
206 3388 298 3470 magis
319 3386 509 3461 illustrando,
532 3386 636 3447 dicam.
661 3386 782 3446 Animus
804 3387 857 3445 etsi
876 3383 1018 3446 uniforme
1034 3386 1104 3467 qnid
1122 3399 1151 3446 et

67 3497 197 3577 simplex
209 3506 269 3567 est,
284 3506 378 3554 tumen
393 3493 494 3554 Partes
505 3491 565 3574 (sie
580 3491 667 3554 Stoici
688 3503 718 3550 et
735 3488 873 3551 Platonici
885 3490 1067 3574 appellant);
1090 3492 1150 3551 sive

66 3604 239 3663 Facultates
252 3600 393 3684 (δυνάμεις
413 3598 594 3681 Aristoteli);
610 3600 690 3672 sive,
708 3610 739 3658 ut
758 3600 828 3659 scite
842 3598 935 3659 Varro
951 3596 1039 3681 (qnid
1054 3612 1148 3659 sutem

66 3709 122 3769 ille
140 3730 198 3767 non
217 3704 327 3787 scitel)
345 3706 459 3766 Gradus
474 3704 621 3765 distinctos
636 3705 777 3787 quosdam
792 3703 889 3765 babet.
911 3704 974 3764 Hos
996 3704 1043 3764 elii
1063 3718 1149 3787 atque

67 3816 123 3876 alii
138 3815 222 3874 aliter
234 3813 366 3874 dividunt
378 3836 387 3871 r
400 3813 493 3889 Varro
507 3811 562 3871 boc
576 3812 672 3873 modo.
691 3811 788 3895 Digna
802 3813 879 3872 euim
895 3812 982 3872 verbe
997 3814 1058 3892 ejus
1069 3812 1146 3884 dari,

66 3945 136 4004 quse
154 3922 299 4004 Hipponis
319 3921 436 3980 antistes
458 3919 539 3979 libris
559 3921 619 3979 suis
638 3919 835 4002 consignavit,
854 3931 883 3977 ot
902 3920 1080 3981 conservavit
1093 3917 1149 4000 (de

65 4031 157 4090 Civit.
174 4029 228 4089 Dei
242 4027 321 4103 vll,
338 4050 365 4087 c.
380 4024 439 4108 23)
454 4049 462 4086 r
480 4052 495 4079 a
509 4025 603 4085 Varro
615 4026 645 4083 iu
658 4025 756 4097 libris,
772 4025 809 4085 de
835 4025 915 4099 Diis,
932 4025 1064 4099 selectis,
1090 4038 1148 4086 tres

65 4157 134 4199 esse
150 4140 270 4197 affrnnot
284 4136 393 4195 Anime
406 4132 538 4206 Gradus,
553 4134 585 4191 in
598 4133 677 4192 omui
691 4134 883 4214 universaque
896 4132 1014 4192 Natura.
1030 4132 1145 4204 Unum,

63 4247 121 4326 qui
131 4266 230 4306 ornnes
243 4256 338 4326 partes
353 4243 480 4325 corporis
490 4284 498 4316 ,
510 4262 573 4321 que
586 4241 706 4312 vivunt,
723 4242 840 4315 nonsit,
857 4253 886 4301 et
901 4262 958 4300 non
975 4240 1061 4300 babet
1072 4239 1148 4299 Sen-
