2950 4934
314 459 380 526 126
598 457 640 524 L.
665 454 843 526 ANNAEI
866 396 1086 526 SElllECAE

306 589 477 686 potentia,
495 589 650 656 sestertio
662 593 820 656 nummo¹
839 585 1220 656 testimonimum
1232 591 1381 670 nescies,

307 708 375 775 nisi
389 706 664 774 constitutionem
678 705 787 799 ipsam
797 709 825 789 ²,
843 729 911 797 qua
926 705 990 773 ista
1004 705 1095 772 inter
1108 727 1145 773 se
1156 707 1381 787 aestimantur,

307 823 509 917 inspexeris.
530 820 826 916 Quemadmodum
847 822 928 890 folia
945 821 1059 898 virere
1077 844 1193 915 perse
1211 845 1282 890 non
1302 847 1384 916 pos-

308 957 407 1026 sunt3
428 965 559 1009 ramum
573 939 791 1022 desiderant,
808 940 865 1008 cui
882 938 1091 1020 inhaereant,
1108 962 1148 1006 ex
1160 963 1229 1031 quo
1242 941 1384 1008 trahant

307 1081 446 1127 succum
464 1084 473 1124 ε
488 1059 539 1126 sic
554 1059 617 1127 ists
633 1072 823 1152 precepta,
840 1057 868 1125 si
883 1055 953 1124 sola
967 1071 1046 1124 suut
1054 1105 1067 1138 ,
1085 1073 1260 1143 mament3
1281 1059 1382 1152 infigi

307 1173 427 1242 volunt
441 1186 539 1240 seete
550 1161 577 1238 ³.

250 1288 284 1342 ⁶0
356 1291 546 1370 Preterea,
567 1311 636 1356 non
653 1287 852 1380 intelligunt
865 1284 925 1372 hi,
945 1289 1005 1380 qui
1025 1287 1161 1357 decreta
1178 1285 1321 1365 tollunt,
1341 1307 1383 1352 oo

308 1408 382 1499 ipso
398 1405 595 1472 confirmari
614 1404 693 1483 illa,
713 1426 782 1496 quo
801 1403 979 1473 tolluntur.
1009 1404 1106 1497 Quid
1127 1407 1219 1473 enim
1236 1403 1383 1472 dicunt?

307 1523 488 1617 preceptis
508 1521 613 1588 vitam
636 1521 716 1588 satis
735 1522 923 1614 explicari3
946 1523 1119 1616 superflua
1144 1545 1218 1591 esse
1241 1520 1382 1589 decreta

307 1637 504 1730 sapientiae,
525 1634 563 1702 id
581 1651 653 1719 est,
673 1636 842 1730 dogmata.
862 1637 968 1731 Atqui
987 1637 1053 1708 hoo
1072 1641 1200 1733 ipsum,
1220 1636 1314 1730 quod
1327 1637 1383 1704 di·

307 1767 410 1838 cunt,
432 1754 607 1824 decretum
626 1767 677 1822 est
695 1779 703 1820 ε
719 1771 787 1823 tam
797 1805 809 1840 ,
825 1755 1003 1838 hercules,
1022 1781 1141 1850 quam,
1160 1757 1187 1825 si
1205 1769 1299 1824 nunc
1314 1779 1381 1848 ego

306 1870 478 1956 dicerem,
498 1867 728 1938 recedendum
746 1894 820 1939 esse
840 1897 861 1939 a
882 1867 1084 1966 praecoptis⁴
1107 1873 1201 1941 velut
1219 1895 1384 1966 supersa-

305 1987 401 2070 cnis,
420 1985 585 2055 utendum
605 1999 678 2055 esse
696 1985 866 2073 decretis,
887 1991 924 2056 iu
943 1987 1017 2058 haeo
1041 1990 1110 2058 sola
1129 1989 1278 2058 studium
1296 2011 1381 2057 con·

307 2101 505 2189 ferendum
526 2103 594 2170 hoo
613 2104 706 2196 ipso,
728 2127 797 2195 quo
815 2127 975 2198 negarem
992 2103 1143 2174 curanda
1160 2127 1235 2173 esse
1247 2129 1382 2198 praeoe-

306 2231 378 2309 pta,
390 2218 626 2312 praeciperem.
638 2218 804 2310 Quaedam
815 2219 1125 2291 admonitionemiu
1138 2213 1380 2313 ‘Philosophia

307 2333 522 2419 desiderant,
549 2337 700 2429 quaedam
727 2338 982 2430 probationem,
1008 2339 1202 2433 etquidem
1223 2334 1376 2424 ‘multa3

305 2453 385 2544 quia
410 2452 562 2522 involuta
578 2469 675 2536 sunt,
694 2455 819 2546 vixque
836 2479 965 2523 summa
982 2456 1161 2550 diligentia
1183 2481 1224 2524 ae
1246 2481 1380 2525 summa

304 2569 491 2638 subtilitate
513 2571 727 2662 aperiuntur.
754 2572 790 2640 Si
814 2571 1033 2663 probationes
1050 2573 1250 2640 necessarie
1269 2589 1377 2657 sunt,

305 2688 496 2755 necessaria
516 2703 595 2754 sunt
613 2687 785 2773 decretal,
806 2711 882 2780 quae
896 2691 1073 2759 veritatem
1087 2691 1299 2782 argumentis
1312 2689 1382 2758 col·

304 2967 408 3033 volunt,
421 2984 469 3020 uec
476 2982 575 3040 semper
583 2979 612 3018 ex
623 2967 688 3018 sama
698 2965 818 3038 pendero.
866 2987 920 3020 non
933 2967 1063 3022 constabat
1080 2968 1218 3030 sententia,
1237 2976 1379 3040 opportune

339 3047 492 3119 adleuatio
501 3065 625 3112 nonanto,
636 3046 652 3098 i.
661 3065 683 3096 e.
696 3045 816 3110 minimo,
866 3046 941 3098 uobis
952 3045 1044 3098 obtulit
1056 3064 1102 3098 ms.
1113 3067 1140 3098 a.
1153 3045 1236 3099 Solos.

304 3125 391 3199 supple
404 3144 411 3179 ε
422 3127 496 3182 valet.
513 3125 664 3178 Communis
680 3124 715 3176 ita
732 3143 817 3177 sermo
899 3122 1379 3193 5.1nphttosoplia.1tts.a·alitvul-

305 3217 329 3256 at
337 3205 407 3257 velut
416 3205 540 3264 formula.
552 3206 579 3258 in
591 3205 742 3278 imaginario
754 3223 818 3277 pre·-
864 3223 898 3276 go
909 3201 1087 3272 philosophia.
1099 3201 1181 3257 Schts.

244 3319 247 3326 ,
304 3282 341 3334 tio
360 3295 403 3334 aut
421 3284 500 3336 nullo.
522 3283 562 3337 Cl.
581 3284 668 3352 cujac.
684 3285 730 3336 lib.
745 3284 816 3337 xlx.
899 3281 1081 3347 bthuidem
1089 3284 1183 3332 multa.
1193 3281 1381 3350 Dinemtpuoe-

305 3359 380 3412 Obsi.
393 3380 414 3413 e·
429 3377 484 3414 ιιι.
495 3359 526 3414 L.
537 3389 572 3404 -
582 3363 652 3414 Vide
664 3361 773 3434 Bentley
782 3361 817 3413 ad
864 3359 929 3410 dom
945 3357 1122 3432 probationem
1137 3355 1297 3412 desiderare:
1308 3357 1382 3410 velut

304 3437 395 3490 Horat.
409 3437 491 3492 Sarna.
506 3441 533 3507 l,
546 3443 575 3506 4,
590 3439 688 3511 14,ηηὶ
701 3453 725 3493 et
736 3440 817 3496 nostri
865 3439 985 3510 corrigit,
1002 3437 1055 3490 imo
1070 3441 1173 3514 neuun,
1186 3437 1285 3508 inquit,
1297 3437 1379 3508 qnia,

304 3507 355 3570 lori
365 3517 489 3570 meminit.
501 3519 592 3571 Ilublr.
864 3518 980 3570 involuta
992 3527 1018 3570 et
1027 3517 1140 3570 obscura.
1149 3515 1225 3584 lips.

338 3613 361 3646 a.
382 3597 595 3651 Constitutiooem
613 3600 709 3665 ipsam.
728 3597 817 3648 Ratio·
900 3619 924 3668 7.
933 3597 1220 3666 &pronunciemus
1229 3601 1381 3649 meantia

304 3692 364 3726 nem
375 3673 516 3740 internam,
528 3697 557 3728 ax
568 3695 618 3746 qua
628 3675 674 3728 ista
683 3673 817 3728 arimatia
865 3687 927 3729 sunt
937 3673 1254 3746 decretallulgobrsvius,
1263 3674 1381 3743 Siprob.

304 3749 342 3805 bt.
353 3753 444 3806 Ituhk.
865 3757 1018 3806 moessun'oe
1031 3762 1108 3815 ment,
1128 3764 1154 3806 et
1172 3755 1275 3806 demta
1285 3773 1294 3806 .·
1305 3757 1383 3826 qnod

339 3827 363 3882 3.
373 3829 463 3883 Serta.
473 3831 492 3884 l.
502 3829 612 3884 decreto.
622 3829 714 3884 nult.
864 3830 925 3882 ferri
935 3842 1045 3903 poterat,
1054 3830 1383 3902 intelligendonecessaritx

337 3907 662 3974 4.1lecedendmnessea
678 3911 816 3978 praeceptis
863 3911 943 3960 etrum
961 3919 1024 3960 amit
1040 3909 1150 3962 dareta.
1166 3906 1232 3976 sed,
1251 3910 1381 3979 qnoniam

303 3987 377 4038 velut
386 3988 562 4054 superventis,
573 3988 698 4038 utendum
709 4003 765 4038 esse
773 3988 814 4038 de·
862 3986 1012 4060 particulam
1022 3998 1048 4038 el
1058 3986 1160 4058 ignorat
1177 3985 1213 4038 ibi
1230 4006 1276 4038 ms.
1290 4007 1330 4054 a.,
1342 4001 1380 4040 te·

302 4065 387 4128 entis,
399 4061 488 4117 inlu
498 4067 558 4117 sola
569 4076 616 4118 etc.
626 4062 723 4117 Vorab.
732 4065 814 4129 uelut,
861 4085 932 4117 mere
948 4065 1041 4118 omissa
1055 4065 1141 4134 putavi
1159 4065 1211 4118 duo
1225 4065 1318 4131 verbs,
1335 4088 1382 4120 ne·

303 4139 814 4206 attrinvsrbn‚ulendumessedecrets's,
861 4147 977 4196 oessartb
1002 4155 1081 4211 sunt,
1104 4143 1201 4198 scilieet
1224 4163 1240 4197 ι
1262 4145 1381 4215 proxime

303 4218 391 4291 tulgg.
409 4219 468 4273 odd.
487 4221 595 4295 ignota,
612 4219 706 4291 absquo
721 4220 814 4293 quibus
860 4221 1062 4293 pudentibus
1084 4221 1217 4295 absorpta3
1243 4240 1302 4294 qun
1322 4222 1387 4276 duo
