2950 4934
257 385 300 470 24
551 385 592 452 n.
615 385 799 453 uANNAEI
823 385 1043 456 sannen

304 515 380 580 lion
399 512 465 580 fuit
482 527 549 580 tam
565 514 706 582 inimica
722 530 862 601 natura,
884 532 941 600 ut,
959 541 1066 609 quum
1083 515 1240 586 omnibus
1255 517 1335 586 aliis

255 630 458 700 animalibus
485 630 618 700 facilem
644 635 757 700 ac'tum
783 633 861 702 vitae
888 632 1006 718 daret,
1027 631 1130 701 homo
1153 633 1243 701 solus
1261 656 1336 701 non

255 764 369 842 posset
385 749 460 816 sinc
481 761 530 815 tot
551 746 683 816 artibus
696 748 826 817 vivere.
842 748 938 818 Nihil
957 748 1081 816 horum
1099 748 1143 817 ab
1158 748 1219 817 illa
1232 747 1334 817 nobis

255 868 457 960 imperatum
482 880 554 950 est,
585 864 673 932 nibil
695 889 786 959 segre
813 863 1057 958 quaerendum,
1080 881 1119 934 ut
1136 867 1242 959 possit
1261 867 1336 934 vita

255 980 411 1075 produci.
433 980 486 1050 Ad
505 985 645 1074 parata¹
667 983 739 1049 nati
756 1005 871 1052 sumus
889 1009 898 1049 :
914 1004 976 1051 nos
995 983 1108 1052 omnia
1121 981 1221 1051 nobis
1233 980 1336 1050 diffi-

200 1125 227 1174 17
256 1100 333 1168 cilia
352 1097 501 1198 facilimn
526 1096 661 1166 lastidio
686 1097 837 1167 fecimus.
861 1099 970 1168 Tecta
993 1114 1277 1192 tegumentaque,
1298 1113 1335 1168 et

256 1219 404 1286 lumenta
427 1239 627 1308 corporum,
654 1230 689 1283 et
710 1213 800 1297 cibi,
825 1230 861 1284 et
881 1239 958 1309 quae
980 1241 1074 1286 nunc
1089 1218 1212 1312 ingens
1228 1240 1335 1310 nego-

256 1332 340 1398 tium
359 1331 566 1412 factasunt,
588 1328 689 1396 obvia
704 1345 823 1413 erant,
848 1345 883 1399 et
900 1333 1070 1426 gratuita,
1090 1348 1126 1401 et
1141 1354 1244 1426 opera
1265 1331 1334 1400 levi

256 1447 441 1542 parabilis,
460 1444 579 1516 modus
595 1448 687 1514 enim
703 1449 873 1531 omnium,
891 1465 993 1542 prout
1007 1447 1200 1543 postulabat
1213 1471 1336 1518 neces·

255 1565 336 1632 sitas
345 1613 356 1649 ‚
374 1578 464 1648 emt3
480 1586 541 1630 nos
555 1564 617 1630 ista
633 1563 804 1656 pretiosa,
824 1586 887 1632 nos
899 1565 1003 1649 mira,
1019 1588 1083 1633 nos
1096 1566 1229 1659 magnis
1243 1565 1335 1634 mul·

255 1682 368 1772 tisque
381 1675 616 1770 conquirenda
627 1677 760 1748 artibus
774 1678 929 1748 fecimus.
945 1665 1081 1750 Sufficit
1091 1679 1136 1748 ad
1147 1680 1183 1749 id
1192 1696 1333 1765 namra,

258 1797 350 1893 quod
370 1798 490 1890 poscit.
513 1797 681 1866 suasura
700 1797 835 1866 luxuria
853 1797 1015 1884 descivi13
1031 1823 1108 1891 quae
1128 1799 1282 1892 quotidie
1299 1826 1337 1870 se

258 1916 333 2008 ipsa
344 1913 477 1994 incitat,
491 1927 525 1980 et
536 1927 585 1980 tot
596 1910 728 1980 seculis
738 1913 878 1995 crescit,
891 1928 926 1980 et
937 1914 1079 2008 ingenio
1089 1906 1228 2008 adjuvat
1237 1917 1334 1986 vitia.

202 2041 232 2094 ιε
258 2031 373 2098 Primo
392 2052 598 2123 supervacua
620 2029 720 2122 ooepit
741 2030 1009 2121 concupiscere,
1036 2027 1118 2098 inde
1139 2033 1334 2115 contraria,

260 2146 441 2216 novissime
459 2146 609 2212 animum
628 2146 766 2238 corpori
780 2143 927 2232 addixit,
952 2163 987 2215 et
1000 2145 1093 2215 illius
1107 2147 1280 2217 deservire
1297 2148 1341 2217 li·

260 2259 370 2330 bidini
390 2261 504 2354 jussit.
536 2261 663 2329 Omnes
690 2263 763 2329 istae
784 2278 897 2346 artes,
922 2262 1048 2356 quibua
1066 2279 1125 2331 aut
1149 2265 1341 2332 'excitatur

258 2380 378 2449 civitas
391 2395 450 2446 aut
463 2379 605 2470 strepit,
626 2379 781 2470 corporis
794 2380 971 2472 negotium
985 2395 1110 2472 gerunt
1124 2408 1133 2467 3
1155 2380 1212 2448 cui
1225 2381 1342 2448 omnia

261 2496 343 2565 olim
368 2511 528 2587 tanquam
556 2517 654 2562 servo
678 2494 957 2587 praestabantur,
983 2519 1077 2564 nunc
1095 2512 1256 2589 tanquam
1278 2495 1343 2564 do-

262 2613 355 2680 mino
373 2626 549 2705 parantur.
575 2612 694 2702 ltaque
714 2606 818 2686 binc³
844 2627 1033 2698 textorum,
1059 2613 1142 2684 binc
1166 2611 1344 2681 fabrorum

263 2729 408 2797 offioinae
423 2743 520 2813 sunt,
542 2727 625 2795 hino
639 2728 761 2796 odores
778 2729 1017 2820 coquentium,
1038 2729 1122 2798 binc
1136 2728 1254 2797 molles
1267 2751 1346 2796 cor·
1376 2707 1382 2719 ⁰

264 2847 358 2940 poris
377 2829 485 2914 motus
509 2843 724 2924 docentium,
756 2845 943 2938 mollesque
964 2861 1084 2913 cantus
1108 2860 1143 2914 et
1163 2847 1345 2914 infractos.

210 2987 240 3039 ις
265 2960 418 3029 Recessit
433 2959 525 3026 enim
543 2959 601 3026 ille
621 2959 785 3027 naturalis
804 2957 941 3044 modus,
961 2958 1131 3028 desideria
1144 2984 1209 3052 ope
1227 2983 1347 3029 neces·

266 3080 355 3148 saria
371 3079 496 3146 finiens
513 3077 605 3172 :jam
626 3077 824 3154 rusticitatis
838 3092 873 3146 et
887 3077 1032 3145 miseriae
1046 3093 1117 3160 est,
1136 3077 1223 3146 velle
1236 3101 1347 3171 quan·

267 3214 338 3265 rum
354 3211 405 3263 sat
418 3209 482 3263 est.

316 3307 524 3378 Incredibile
540 3325 607 3394 est,
629 3310 675 3376 mi
689 3309 822 3396 Lucili,
844 3333 945 3404 quam
965 3309 1064 3378 facile
1080 3310 1183 3377 etiam
1203 3332 1346 3403 magnos

267 3544 319 3583 tam
332 3529 462 3598 incolunt,
476 3548 603 3602 exponens
621 3529 669 3594 IV,
685 3526 730 3582 168
743 3549 780 3599 sq.
830 3528 934 3602 vulgate
944 3529 1021 3582 lectio
1034 3529 1160 3602 optimum
1176 3527 1269 3602 prabet
1279 3548 1347 3584 sen-

266 3608 344 3682 bujus
358 3609 395 3661 rei
405 3629 458 3662 non
474 3609 599 3662 meminit.
613 3606 781 3682 Troglodytas
830 3625 903 3672 sum,
916 3606 1066 3682 Schweigb.
1075 3609 1118 3662 dat
1128 3613 1264 3662 circitatur
1272 3609 1345 3680 quod

268 3688 304 3742 ibi
315 3707 368 3740 non
379 3685 504 3739 habitasse
514 3699 618 3740 constat.
628 3685 719 3740 Ruth.
830 3686 872 3738 vix
889 3686 996 3740 latinum
1010 3699 1060 3748 est,
1079 3686 1125 3739 sed
1139 3686 1209 3757 quod
1225 3698 1348 3759 praetant

304 3785 324 3817 ι.
346 3766 519 3833 Asparata.
543 3768 652 3829 Εὔτιλῆ,
676 3784 733 3836 quas
753 3765 783 3818 in
832 3767 871 3821 ed.
888 3765 991 3819 Reum
1004 3786 1051 3818 ms.
1067 3768 1158 3840 Arga
1178 3768 1257 3834 (nam
1275 3786 1348 3820 nune

269 3852 401 3915 promptu,
417 3840 449 3893 ad
466 3861 569 3894 manum
583 3853 643 3894 sunt
655 3841 783 3895 omnibus.
831 3846 934 3898 tandem
945 3882 952 3911 ‚
963 3845 1064 3915 inquit,
1076 3844 1151 3899 nobis
1159 3843 1286 3916 suppetias
1295 3863 1346 3896 ve-

269 3920 314 3974 Sic
333 3921 420 3972 Horat.
436 3920 519 3974 Csrm.
531 3921 560 3986 l,
580 3921 627 3984 31,
645 3940 672 3988 ¹7
688 3941 782 3994 preca·-
831 3923 870 3976 nit
888 3937 973 3976 noster
985 3923 1030 3976 ille
1044 3922 1224 3976 vetustissimus
1241 3922 1347 3989 codex),

269 4008 330 4052 tur:
346 4019 360 4046 s
372 3997 433 4049 Frui
447 3999 538 4073 paretis
556 4011 581 4052 et
600 3997 685 4050 valido
697 3997 779 4065 mibi,
831 4013 856 4054 et
868 4007 918 4053 tres
929 4001 986 4053 Pal.
1006 4015 1032 4054 et
1042 4001 1098 4054 Col.
1116 4000 1258 4074 vulgatum
1268 4003 1349 4053 exci-

270 4075 361 4140 Latoe‚
376 4075 463 4128 dones.
474 4099 488 4123 ιι
500 4076 590 4129 ΙίνΙιΙι.
830 4087 904 4130 tatur
912 4077 971 4130 dare
982 4081 1018 4131 A.
1029 4098 1049 4132 c.
1062 4080 1162 4133 latetur.

304 4175 325 4205 a.
333 4153 484 4208 Excisum.
495 4156 546 4208 Pro
558 4159 693 4209 excitatur
704 4193 711 4222 ,
722 4172 781 4226 quo
864 4155 888 4206 3.
907 4155 1003 4226 Itaque
1016 4156 1096 4211 binc...
1113 4156 1244 4228 leynam.
1257 4153 1298 4206 Cf.
1311 4155 1344 4217 sd
