2950 4934
594 441 634 510 L.
661 441 840 510 ANNAEl
864 441 1079 511 SENECAE

595 713 707 748 flssllflss
726 711 852 748 Luctuo
871 711 927 750 800
945 713 1086 749 fletuum

339 841 429 911 Rau
451 837 570 908 utilem
594 837 788 922 desideras,
810 855 846 906 et
869 833 913 907 ad
935 839 1143 931 Sapientiam
1171 843 1369 934 properanti

176 1014 179 1028 .
290 960 412 1050 utique
426 957 663 1040 necessariam,
681 956 782 1022 dividi
791 953 1052 1044 Philosophiam,
1067 968 1102 1021 et
1112 954 1233 1047 iugens
1246 979 1371 1050 corpus

287 1073 363 1166 ejus
379 1074 414 1140 in
431 1071 582 1140 membra
599 1071 748 1166 disponi.
766 1069 916 1140 Facilius
929 1069 1022 1137 enim
1033 1093 1097 1162 per
1109 1084 1223 1162 partes
1237 1071 1275 1138 in
1287 1095 1371 1165 cog-

288 1191 453 1258 uitionem
478 1189 580 1257 totius
607 1185 824 1256 adducimur.
845 1187 983 1255 Utinam
1006 1185 1183 1278 quidem¹,
1204 1187 1373 1280 quemad·-
1410 1180 1426 1218 ⁰

289 1306 427 1376 modum
450 1308 633 1376 uuiversa²
651 1302 771 1374 mundi
790 1305 893 1372 iacies
907 1305 945 1372 in
957 1297 1177 1397 conspectum
1190 1305 1305 1389 venit,
1322 1306 1372 1374 ita

286 1422 688 1517 Philosophiatotanobis
698 1437 813 1515 posset
822 1417 1370 1508 occurrere3simillimummnudo

287 1535 540 1632 spectaculum!
561 1539 718 1607 Profecto
735 1539 827 1606 enim
845 1561 962 1607 omnes
983 1536 1143 1606 mortales
1164 1537 1201 1606 in
1218 1536 1373 1606 admira-

289 1656 417 1724 tionem
431 1657 484 1724 sui
497 1671 634 1749 raperet
644 1649 671 1742 ³,
687 1655 817 1724 relictis
830 1655 903 1736 his,
920 1677 997 1748 quae
1010 1678 1102 1722 nunc
1115 1677 1256 1748 magna,
1271 1679 1371 1749 mag·

285 1796 408 1842 norum
429 1773 644 1866 ignorantia,
667 1769 853 1841 credimus.
872 1771 962 1854 Sed,
983 1773 1065 1863 quia
1082 1774 1282 1865 contingere
1302 1773 1372 1841 hoc

286 1913 354 1958 non
381 1903 514 1983 potest,
543 1891 593 1958 sic
614 1889 681 1956 erit
705 1911 727 1956 a
751 1887 851 1957 nobis
876 1881 1115 1981 aspicienda⁴,
1147 1888 1372 1981 quemadmo-

242 2033 256 2063 ι
285 2005 367 2075 dum
382 2005 652 2080 mundisecreta
671 2021 873 2078 cernuntur.
894 2005 1066 2098 Sapientis
1080 2004 1221 2096 quidem
1236 2006 1372 2074 animus

285 2139 389 2193 totam
408 2123 530 2191 molem
547 2121 622 2214 ejus
636 2121 867 2214 amplectitur,
886 2143 952 2190 nec
966 2122 1080 2190 minus
1096 2121 1190 2191 illam
1206 2123 1372 2192 velociter

284 2240 378 2325 obit,
402 2265 503 2332 quam
524 2239 643 2308 caelum
668 2239 761 2306 acies
780 2251 898 2306 nostra
923 2263 932 2304 ε
957 2237 1058 2306 nobis
1080 2255 1216 2324 autern,
1242 2240 1371 2333 quibus

285 2347 540 2452 perrumpenda
569 2354 680 2448 caligo
711 2368 782 2436 est,
812 2368 847 2420 et
873 2377 1018 2444 quorum
1039 2355 1132 2422 visus
1155 2355 1193 2422 in
1217 2357 1371 2449 proximo

284 2476 423 2556 delicit,
454 2472 588 2566 singula
613 2494 760 2564 quaeque
782 2469 915 2538 ostendi
943 2470 1077 2539 facilius
1101 2489 1260 2565 possunt,
1288 2475 1373 2541 uni-

283 2594 375 2680 versi
394 2589 547 2660 nondum
566 2586 763 2682 capacibus.
790 2587 930 2656 Faciam
955 2611 1039 2681 ergo
1066 2589 1159 2682 quod
1183 2592 1311 2684 exigis,
1334 2607 1372 2660 et

283 2704 538 2798 Philosophiam
562 2703 599 2769 in
621 2715 755 2794 partes,
776 2723 847 2768 non
868 2702 906 2767 in
922 2699 1050 2784 frusta,
1071 2699 1221 2771 dividam
1238 2703 1371 2774 :dividi

284 2823 377 2891 euim
392 2815 503 2903 iliam,
521 2843 592 2888 non
605 2815 760 2901 concidi,
776 2816 862 2885 utile
875 2832 926 2885 est
939 2845 949 2896 ς
966 2841 1047 2885 nam
1061 2817 1367 2912 comprehendere,

286 2935 571 3030 quemadmodum
595 2936 758 3034 murima,
784 2935 831 3002 ita
848 2933 1016 3018 minima,
1039 2933 1182 3004 difficile
1204 2949 1267 3004 est.
1294 2940 1372 3005 De-

244 3069 261 3121 3
286 3051 449 3121 scribitur
461 3051 499 3117 in
514 3049 623 3119 tribus
640 3047 804 3143 populus,
822 3050 864 3130 in
873 3049 1044 3116 centurias
1056 3049 1234 3127 exercitus.
1253 3051 1376 3142 Quid-·

286 3167 371 3260 quid
388 3168 426 3235 in
445 3166 554 3259 majus
573 3167 702 3249 erevit,
725 3164 860 3234 facilius
875 3166 1094 3259 agnoscitur,
1115 3167 1143 3234 si
1164 3165 1319 3235 discessit
1331 3168 1370 3235 in

287 3299 424 3377 partes;
446 3304 531 3375 quas
542 3333 553 3368 ,
573 3299 612 3350 ut
629 3279 721 3367 dixi,
741 3281 1008 3351 innumerabiles
1034 3307 1109 3351 esse
1134 3299 1170 3351 et
1195 3279 1370 3378 ⁵pa'rvulas

323 3521 343 3556 t.
367 3501 478 3556 Utinam
498 3503 610 3570 quidem.
633 3497 802 3554 Posteriorem
853 3498 1369 3571 οῧχὅρᾶυαι·διινοῖιςγὸιρᾶνπαριῖχενῖρω-

287 3600 376 3634 vocem
387 3580 469 3652 adjeci
486 3601 515 3632 cx
533 3581 572 3634 cd.
590 3582 617 3631 A
641 3591 665 3632 et
682 3599 726 3632 ms.
742 3599 762 3632 c.
778 3591 803 3630 et
852 3596 900 3640 τας,
912 3585 930 3633 sl
946 3588 1054 3631 τοιοῦτον
1068 3581 1152 3641 ἕαυτῆς
1164 3581 1251 3647 ἔνεῃὶς
1268 3580 1366 3632 sidulas

288 3657 392 3712 Gruteri
403 3656 484 3710 libris.
491 3657 573 3712 Schv.
851 3657 978 3724 πιμίχιτο
986 3661 1019 3718 εἰς
1032 3656 1087 3728 ὄψιν
1099 3657 1142 3709 lo's.
1152 3655 1217 3723 Qnae
1225 3655 1300 3707 verbs
1313 3656 1370 3708 Cic.

321 3757 344 3789 ι.
360 3735 498 3788 Universa.
508 3737 567 3788 Non
577 3737 697 3798 unicerst',
709 3733 802 3788 dedero
852 3734 883 3787 de
893 3731 946 3787 od.
956 3736 980 3800 1,
994 3740 1020 3804 5,
1031 3749 1055 3788 et
1064 3735 1096 3788 de
1105 3736 1166 3788 ltin.
1175 3735 1210 3801 ll,
1223 3733 1253 3787 ιδ
1263 3737 1371 3808 respexit

290 3813 326 3868 R.
337 3815 373 3866 A.
383 3834 404 3866 c.
413 3811 496 3866 Schts.
853 3827 878 3865 st
891 3813 1014 3886 expressit.
1029 3815 1121 3868 Rata.

320 3893 344 3945 3.
357 3891 476 3964 meecla
489 3892 588 3942 enim...
598 3929 603 3940 .
613 3899 722 3956 raperet.
736 3888 804 3941 Con·
887 3895 910 3958 4.
918 3893 1087 3961 Aspicisnda.
1100 3894 1198 3948 Mirum
1210 3894 1272 3965 quid
1285 3892 1320 3945 ita
1331 3893 1370 3944 li-

287 3971 346 4024 lerri
360 3971 461 4023 videtur
472 3965 643 4038 Phiiosophite
656 3965 711 4019 isus
722 3985 737 4018 a
750 3965 804 4019 cie.
854 3969 893 4020 hri
905 3969 933 4020 in
943 3970 1034 4023 vocula
1046 3985 1105 4025 nott
1114 3971 1224 4024 turbent.
1235 3973 1302 4023 Nem
1313 3970 1369 4034 alii,

287 4053 363 4106 Tusa.
372 4051 445 4124 Disp.
455 4049 489 4113 V,
502 4069 516 4100 2
527 4044 705 4100 celebratatob
715 4045 806 4099 oculos
854 4047 1008 4113 abscienda,
1027 4049 1186 4113 adscimda,·
1199 4067 1271 4100 meus
1281 4049 1369 4100 absci-

289 4129 313 4182 ei
333 4129 439 4182 forsitan
461 4125 555 4178 luerint
575 4123 619 4176 ilis
641 4122 759 4177 Platonis
778 4123 806 4175 in
855 4125 953 4177 denda
966 4122 1041 4194 Lr‘ps.
1239 4162 1242 4167 ⁴

287 4206 483 4266 9112mess
494 4227 518 4275 p.
528 4203 577 4276 3²9
585 4203 637 4278 bip.
647 4221 654 4257 ε
666 4206 682 4262 ἦ
694 4201 806 4273 φρὸνησις
890 4205 914 4255 5.
930 4202 1070 4255 Parvulos.
1087 4204 1135 4256 Ed.
1144 4207 1179 4256 A.
1188 4223 1246 4256 curn
1255 4223 1302 4256 ms.
1312 4224 1333 4256 c.
1346 4225 1360 4258 c
