2950 4934
384 477 652 548 EPISTOLA
674 478 824 548 XCIX.
1081 477 1142 546 153

75 609 199 678 ridebis
217 633 322 702 quam
338 609 500 704 exiguum
518 609 582 691 ait,
604 609 695 701 quod
714 625 889 702 optamus,
914 607 1008 701 quod
1023 623 1144 678 exten-

74 725 187 796 dimus.
213 729 265 796 Ex
290 724 357 794 hoc
381 742 544 819 quantum
562 726 730 810 lacrimae,
750 740 915 818 qnantum
930 723 1142 800 ,sollicitudi
1171 759 1198 796 u

73 865 128 910 nco
140 844 334 937 occupant?
348 857 513 935 quantum
525 866 635 926 mora,
656 858 839 935 antequam
852 841 987 926 veniat,
1004 842 1146 934 optata?

72 976 231 1049 quantum
256 957 443 1042 valetudo,
481 975 644 1051 quantum
676 961 805 1042 timor,
838 974 1003 1054 quantum
1032 963 1143 1028 teneri

70 1091 124 1143 aut
139 1075 270 1158 rudes,
287 1092 348 1144 aut
370 1075 508 1144 inutiles
525 1077 636 1144 anni?
651 1075 832 1146 dimidium
850 1100 892 1144 ex
906 1075 973 1144 hoc
989 1074 1142 1144 edormi-

69 1208 130 1260 tur.
161 1190 287 1285 Adjice
313 1191 478 1276 labores,
511 1191 640 1277 luctus,
670 1192 847 1286 pericula3
878 1207 914 1260 et
940 1191 1139 1285 intelliges,

69 1312 163 1380 etiam
174 1312 214 1380 in
230 1311 428 1403 longissima
440 1309 510 1379 vita
522 1310 699 1378 minimum
714 1333 789 1377 eoae
806 1307 901 1401 qnod
913 1309 1053 1376 vivitur.
1075 1308 1144 1378 Sed

68 1425 155 1514 quic¹
186 1423 255 1491 tibi
286 1422 468 1509 concedet,
497 1445 567 1491 non
594 1422 713 1490 melina
747 1446 784 1490 ae
811 1421 942 1495 habere
964 1445 1065 1506 enm,
1086 1423 1142 1490 cui

68 1541 129 1608 cito
158 1541 290 1610 reverti
317 1541 419 1623 licet,
446 1541 502 1609 cui
529 1556 608 1608 ante
636 1538 869 1608 lassitudinem
886 1555 1062 1633 peractum
1092 1554 1144 1608 cot

67 1656 151 1724 iter?
169 1658 253 1724 Vita
274 1679 339 1726 nec
359 1656 485 1726 bonum
506 1679 572 1726 neo
591 1655 715 1724 malum
732 1671 805 1742 eat3
824 1654 906 1722 boni
928 1679 969 1722 ac
992 1653 1072 1722 mali
1089 1653 1143 1722 lo-
1168 1682 1199 1719 ιι

68 1797 121 1840 cna
148 1790 214 1842 cat.
245 1775 299 1842 Ita
328 1772 415 1842 nihil
435 1772 494 1842 ille
518 1771 690 1866 perdidit,
710 1773 779 1840 nisi
799 1772 908 1842 aleam
925 1773 961 1838 in
981 1771 1142 1840 damnum

67 1885 243 1954 certiorem
257 1890 285 1955 ².
313 1887 429 1956 Potuit
454 1885 599 1964 evadere
622 1885 794 1954 modestus
817 1902 852 1960 et
879 1885 1053 1979 pmdcna3
1079 1909 1142 1979 po·

68 2005 128 2071 tuit
148 2003 214 2072 cub
239 2027 325 2072 cura
353 2005 473 2078 tuain
502 2003 643 2072 meliora
667 2003 805 2072 formari
823 2029 831 2069 :
849 2002 911 2072 aed
931 1999 1047 2098 (qaod
1061 2003 1140 2095 juc-

68 2123 130 2190 tiua
147 2122 318 2212 timetur)
336 2123 447 2216 potnit
470 2122 547 2192 fieri
569 2121 727 2217 pluribus
744 2120 876 2190 cimilia.
897 2115 1043 2215 Aspice³
1062 2121 1139 2190 illoc

65 2236 226 2327 juvenca,
243 2262 332 2330 quoa
344 2262 383 2306 cx
396 2238 617 2310 nobilissimis
631 2236 789 2308 domibus
802 2239 840 2306 in
852 2261 993 2309 arenam
1005 2237 1140 2306 luxuria

67 2356 227 2446 projecit3
259 2355 375 2448 aspice
401 2355 499 2440 illoc,
526 2356 586 2447 qui
610 2379 703 2424 anam
726 2354 940 2447 alienamque
959 2353 1140 2430 libidinem

67 2487 243 2554 exercent,
271 2487 389 2542 mutuo
410 2470 577 2566 impudici
593 2500 603 2558 ς
631 2494 776 2564 quorum
796 2471 913 2540 nullus
929 2471 1004 2538 aine
1021 2470 1140 2539 ebrie·

69 2599 148 2666 tate,
167 2585 285 2653 nullua
308 2585 382 2653 aine
406 2585 522 2678 aliquo
542 2586 670 2679 incigni
697 2585 827 2677 flagitio
853 2583 927 2654 dica
950 2585 1020 2652 exit
1036 2611 1045 2651 ε
1061 2583 1138 2677 plna

67 2697 176 2768 timeri
195 2711 300 2791 quam
321 2700 450 2793 operari
466 2701 637 2792 potuisse,
652 2698 867 2767 manifestum
888 2699 966 2767 erit.
984 2700 1061 2766 Non
1075 2695 1138 2767 de-
1162 2727 1193 2782 ,3

66 2813 121 2881 bea
144 2816 260 2907 itaque
286 2839 402 2884 canoas
426 2814 554 2885 doloria
578 2838 751 2884 arcessere
764 2807 792 2899 ⁴,
820 2815 988 2884 neclevia
1003 2817 1136 2884 incom-

66 2930 159 3005 moda
181 2931 394 3025 indignando
420 2930 604 3000 cumulare.
635 2934 711 3004 Non
737 2927 868 3020 hortor,
889 2947 927 3001 nt
944 2934 1065 3000 nitaris
1074 2983 1088 3038 ,ι
1102 2950 1137 3002 et

66 3157 102 3203 cle
111 3171 130 3202 a
143 3153 189 3204 des
198 3154 290 3224 grates
304 3156 325 3205 ὰ
340 3154 464 3206 madre&
479 3153 508 3204 la
521 3171 572 3204 na-
621 3151 913 3217 antemi-mettano,
924 3153 1135 3220 c'estqnittcrun

66 3239 126 3280 tun.
619 3237 662 3296 itu
672 3231 1135 3302 detasantonttyaptmnperdn

96 3325 116 3358 ι.
134 3307 191 3360 Sed
207 3312 294 3378 quis..
311 3313 402 3362 reverti
410 3312 477 3362 licet.
487 3309 529 3362 Sc.
540 3308 573 3360 ad
621 3312 686 3375 qu'd
693 3328 801 3378 goffer.

66 3384 163 3450 Deam,
176 3387 245 3440 nndc
257 3387 379 3440 manavit.
392 3385 432 3439 Cf.
443 3385 572 3438 Comolat.
655 3387 679 3439 3.
690 3389 807 3458 Aspice..
816 3390 941 3457 .pm1'ecit.
953 3387 993 3439 Dc
1007 3386 1039 3438 iia
1048 3386 1135 3457 agitur

65 3461 93 3512 ad
101 3463 180 3514 llam.
188 3483 230 3515 nn.
238 3463 423 3517 Ruta-tm.
432 3463 573 3535 perindcac
622 3465 664 3534 qui
675 3505 682 3533 ‚
694 3465 812 3540 dissipata
825 3485 853 3518 re
864 3465 1003 3529 familiari,
1017 3484 1048 3518 co
1060 3464 1134 3518 redi-

65 3537 83 3586 si
94 3539 210 3612 scriptum
218 3543 299 3596 foret:
308 3542 364 3612 qnia
373 3541 475 3614 negabit
482 3543 572 3596 melius
622 3544 765 3615 gebantnr‚
780 3555 810 3595 nt
822 3542 974 3617 gladiatores
982 3541 1080 3597 fierent.
1093 3543 1133 3596 Cf.

65 3615 200 3683 whom,
213 3633 260 3673 ett.
621 3624 653 3676 ad
665 3623 714 3696 Ep.
732 3621 879 3688 mmm
890 3635 914 3674 et
925 3623 993 3696 Lipa.
1005 3619 1133 3676 saturnal.

96 3712 119 3745 2.
129 3697 226 3750 Aleum
244 3701 273 3750 t'n
288 3701 417 3752 damnum
432 3701 572 3752 certiorem.
621 3699 651 3765 l,
671 3722 693 3754 c.
707 3700 730 3754 3.
748 3700 835 3757 lludlt.
845 3725 879 3739 ·-
889 3701 991 3753 Etalibi
1004 3701 1101 3754 dictum
1117 3720 1133 3753 a

66 3771 105 3824 Sic
124 3773 197 3828 Pinc-
209 3775 284 3841 libri,
300 3777 419 3830 limmat
435 3777 480 3831 rel.
498 3797 505 3833 ε
521 3781 574 3832 nist
622 3780 733 3832 Nostro:
747 3779 815 3850 «qni
825 3799 852 3833 re
863 3778 951 3834 locant
967 3778 999 3831 ad
1016 3777 1132 3848 gladium

65 3853 158 3903 olem
178 3855 214 3908 In
233 3857 363 3907 &mmm
378 3859 471 3909 cenius
486 3860 573 3925 pomi!
620 3870 664 3909 ant
675 3857 817 3910 cultrum.»

65 3929 173 3982 Μάνε-
185 3931 237 3984 sed
250 3945 402 3986 accenseat:
414 3933 466 3985 alca
478 3953 508 3987 ca
517 3954 572 3986 cer·
653 3938 677 4002 4.
693 3935 797 3990 ζ’σωαε
810 3938 909 3990 doloris
918 3953 1053 3988 amarem.
1063 3937 1130 3988 Nam

64 4004 111 4056 tior
129 4020 165 4060 eat
180 4009 207 4061 in
223 4011 365 4074 damnum,
383 4029 441 4081 quae
462 4011 508 4063 eoi
524 4011 572 4064 ali·
620 4032 705 4066 caum
718 4012 765 4066 tilti
780 4014 876 4068 dolori·
891 4013 1009 4075 arceatis,
1020 4013 1066 4084 qni
1086 4014 1131 4066 lu-

65 4087 163 4148 qnando
170 4089 294 4143 Venerem
304 4089 434 4159 exhibeat,
445 4090 528 4164 ploret
536 4103 571 4142 ta·
622 4111 680 4162 geas
691 4091 812 4144 amissum
825 4089 906 4146 filiam
914 4131 922 4153 ,
929 4091 974 4157 qui
984 4091 1075 4144 certina
1084 4090 1130 4144 tibi

65 4181 120 4218 nen
132 4163 219 4220 habea
232 4167 297 4220 tolet
309 4167 477 4221 aabaultantaa
489 4187 571 4221 tanco.
621 4168 770 4222 dissolutum
778 4170 1030 4242 virum,quamlteuc
1040 4189 1130 4222 mora-

66 4241 263 4300 dlfldk·-llene
272 4246 348 4300 vertit
359 4243 497 4316 Zogmnge
506 4246 570 4301 hanc
620 4259 674 4300 tum
687 4248 855 4319 promittebat.
