2950 4934
350 428 395 514 ts
655 443 694 510 u.
722 438 898 510 artum
920 441 1133 514 snuucn

351 565 497 658 ruperit.
525 569 734 637 Enumerare
759 593 878 639 omnes
904 571 1049 644 latorum
1072 575 1165 659 viae,
1193 577 1333 672 longum
1358 599 1427 652 est.

350 683 426 750 Hoc
438 707 543 752 unum
557 687 648 755 acio:
664 688 778 756 omnia
788 687 983 758 mortalium
996 694 1100 785 opeiu
1110 695 1317 767 mortalitate
1328 696 1429 770 dam-

350 811 431 865 nata
449 815 547 886 suut3
569 801 661 870 inter
678 802 833 896 peritura
850 802 1009 872 vivimus.

293 921 324 975 1³
399 915 481 983 llaec
496 939 580 1010 ergo
597 921 606 952 ¹
636 934 739 1010 atque
759 915 925 1012 ejusmodi
948 920 1067 989 eulatia
1084 920 1248 994 admoveo
1270 925 1428 995 Liberali

348 1047 481 1116 nostro,
503 1033 697 1103 incredibili
716 1033 865 1128 quodam
883 1038 1002 1130 patriae
1018 1060 1088 1107 aute
1103 1064 1219 1109 amore
1236 1042 1423 1138 flagranti3

347 1169 424 1240 quta
436 1148 575 1219 iortacae
584 1169 782 1247 consumpta
794 1170 859 1238 est,
871 1154 958 1222 utin
966 1155 1088 1224 melius
1098 1159 1316 1227 excitaretur.
1324 1161 1428 1254 Saepe

346 1261 468 1354 majori
486 1263 629 1334 fortunae
642 1265 755 1334 locum
773 1267 856 1336 fecit
866 1268 1012 1360 injuria3
1033 1269 1137 1339 multa
1153 1271 1371 1356 ceciderunt,
1385 1288 1428 1344 ut

345 1376 446 1447 altius
455 1395 650 1474 surgerent,
665 1382 747 1450 etin
756 1382 895 1475 majua².
906 1380 1142 1479 Timagened,
1155 1386 1309 1456 felicitati
1318 1387 1426 1458 Urbis

344 1495 524 1580 inimicus,
543 1496 673 1580 aiebat,
694 1501 811 1568 Romae
827 1498 895 1569 sibi
912 1501 1070 1570 incendia
1087 1502 1217 1572 abhoc
1231 1529 1339 1574 uuum
1358 1503 1425 1574 do-

346 1609 519 1694 tortasse,
541 1611 635 1704 quod
650 1613 753 1682 sciret
766 1614 908 1684 meliora
928 1635 1183 1704 resurrectura,
1202 1641 1303 1711 quam
1315 1623 1425 1690 arcia-

346 1741 434 1794 sent.
455 1727 496 1794 In
511 1727 575 1796 hac
584 1751 721 1819 quoque
734 1729 822 1798 urbe
832 1728 1019 1802 verisimile
1032 1750 1084 1802 eat
1100 1750 1288 1804 certaturos
1301 1759 1424 1806 omnes

346 1865 437 1928 eoae,
457 1858 496 1911 ut
514 1843 641 1937 majora
662 1846 895 1937 certioraque,
913 1871 1016 1940 quam
1037 1852 1203 1933 amisere,
1223 1853 1420 1922 restituant.

346 2107 402 2142 mus
410 2090 504 2165 recepit
512 2090 620 2164 Lipsius,
633 2091 693 2144 dein
704 2091 745 2144 cd.
754 2092 857 2165 Bipont
905 2093 1050 2165 frequenter
1061 2094 1137 2150 verba
1150 2099 1220 2167 (ques
1229 2096 1258 2148 in
1267 2095 1420 2165 exemplari,

346 2183 371 2223 ct
386 2171 471 2224 lluhl.
490 2172 523 2224 Et
540 2191 587 2243 ego
606 2171 656 2224 hnc
672 2172 857 2244 preferendum
905 2172 975 2242 quod
984 2184 1041 2225 snte
1050 2173 1138 2226 oculos
1147 2172 1281 2239 babuerat,
1292 2173 1372 2225 nullis
1380 2172 1423 2224 in·

346 2251 456 2322 judicavi
464 2251 569 2325 vulgato
578 2251 639 2304 olim
650 2256 777 2320 egesserit,
787 2252 856 2322 quod
905 2249 1016 2302 terstitiis
1026 2248 1142 2304 distincta
1152 2252 1263 2318 suerent)
1277 2238 1318 2302 'vel
1332 2250 1423 2324 jungit

345 2328 448 2400 quidem
458 2341 553 2382 veteres
564 2328 623 2382 libri
631 2327 739 2392 dabant,
750 2341 775 2380 et
783 2328 857 2382 tacite
905 2325 947 2380 vel
963 2325 1100 2400 disjungit,
1117 2327 1247 2398 multaque
1262 2326 1313 2381 alis
1327 2329 1424 2382 verbo·

344 2419 504 2460 revocaverat
512 2407 593 2460 Gron.
602 2407 674 2480 Saepe
682 2406 799 2460 homines
806 2406 857 2472 isti,
905 2424 962 2458 rum
974 2419 1000 2458 et
1013 2404 1136 2459 orationis
1145 2417 1259 2460 monstra
1268 2407 1380 2460 ostendit
1390 2428 1422 2461 ex

342 2503 454 2553 qnorum
471 2483 590 2538 manibus
606 2484 668 2537 olim
684 2484 856 2557 exemplslrs-
905 2482 1003 2537 inscitia
1021 2481 1275 2557 pregnancoutrs,
1291 2484 1360 2537 idem
1377 2505 1423 2538 eo·

344 2579 402 2614 rum
413 2561 583 2636 Epistularum
598 2561 763 2632 multiplicata
779 2575 853 2626 sunt,
906 2562 952 2615 der
967 2560 1049 2614 multo
1062 2561 1185 2627 rariores,
1196 2581 1272 2633 quam
1281 2561 1326 2615 stti
1338 2562 1419 2629 libri,

344 2641 555 2695 dictantisvocem
564 2640 857 2709 minuerectesccipicn·
903 2639 1110 2712 interpolationes
1119 2637 1422 2702 habet3aihilexsoribn

343 2731 391 2779 tes,
403 2718 500 2772 literam
512 2723 597 2790 get),
609 2717 854 2781 itemcets‚velss,
904 2717 1011 2792 iugenio
1029 2730 1171 2782 mutatum
1191 2716 1313 2790 plurimas
1330 2729 1420 2770 sutem

342 2799 409 2853 inter
424 2819 450 2851 se
471 2810 651 2873 permutarunt.
673 2798 717 2852 ste
741 2817 786 2870 pro
806 2819 856 2851 eo-
904 2796 1046 2850 rarissimas
1075 2796 1195 2850 lectiones
1222 2817 1252 2849 er
1278 2796 1420 2850 vetustiore

343 2879 401 2931 dem
420 2875 498 2930 verbo
517 2881 602 2946 ejecit,
620 2877 668 2948 Ep·
684 2890 767 2939 xxm,
785 2876 854 2945 quod
903 2873 1040 2945 exemplari
1056 2887 1219 2948 propagatas,
1238 2872 1283 2927 ulti
1304 2877 1420 2950 coempti

341 2969 408 3010 reete
425 2954 462 3008 ibi
480 2969 565 3008 noster
577 2954 630 3018 eod·
647 2957 708 3027 Arg.
719 2958 744 3008 b.
755 2953 853 3019 tenuit,
901 2965 961 3006 sunt
981 2950 1132 3006 recentiores
1147 2952 1216 3006 libri.
1233 2953 1314 3008 sete.

341 3037 427 3100 effessit
435 3034 551 3088 scribitur
565 3034 593 3086 in
604 3034 644 3087 ed.
655 3035 690 3087 A.
701 3045 725 3086 et
734 3052 803 3086 noro
812 3053 852 3086 sc·
936 3051 957 3084 r.
969 3030 1111 3101 Hecaerge.
1124 3032 1169 3084 Sic
1184 3051 1243 3085 cum
1256 3031 1371 3085 (iratero
1391 3045 1420 3084 et

342 3113 447 3167 cedente
466 3133 549 3166 errore
569 3116 691 3183 egesserit
713 3109 741 3163 iu
765 3130 812 3164 ms.
830 3132 851 3165 e.
900 3110 958 3164 edd.
965 3110 1089 3183 rescripsi.
1101 3113 1199 3172 Antea,
1211 3109 1329 3178 Λαίῳ.
1342 3109 1381 3162 R.

340 3189 470 3260 quomodo
488 3189 530 3243 hie
547 3192 681 3260 egnsserit
695 3188 811 3241 scribitur
823 3188 851 3240 in
933 3211 956 3242 s.
973 3187 1100 3242 Utolts'us
1110 3198 1244 3258 surgerent
1255 3226 1263 3253 ,
1275 3193 1302 3240 et
1310 3190 1340 3240 tn
1353 3209 1418 3242 ma·

340 3278 437 3320 vetusto
456 3281 541 3321 nostro
556 3288 603 3320 ms.
614 3288 633 3320 a
652 3266 744 3321 Obiter
754 3267 797 3321 hie
806 3267 851 3320 ob·
897 3273 949 3332 jus.
957 3265 1081 3320 Ceterum
1088 3283 1148 3318 mox
1155 3264 1311 3337 lugdunum
1318 3264 1421 3320 itsssss»

339 3363 468 3398 servemus
478 3369 506 3410 ,e
517 3345 692 3399 vetustissimis
702 3347 800 3410 russtis,
812 3360 851 3400 st·
899 3343 977 3417 rexit,
987 3357 1016 3397 ut
1023 3344 1064 3398 vix
1072 3363 1166 3396 novem
1174 3343 1249 3396 suuis
1257 3362 1273 3396 s
1280 3342 1354 3396 clade
1362 3343 1418 3396 ela·

339 3441 389 3494 que
404 3423 481 3476 etism
494 3445 508 3476 e
520 3423 649 3480 codicibus
666 3425 748 3477 multo
767 3438 851 3478 vetus·
899 3423 949 3493 psis
958 3420 1115 3495 proVitcllio
1123 3433 1211 3473 contra
1220 3419 1331 3473 Galbam
1338 3433 1419 3474 stete-

339 3500 528 3572 tioribusqusm
537 3501 586 3568 his,
594 3501 636 3572 qui
646 3502 677 3554 sd
685 3513 784 3556 etatem
794 3523 852 3556 uos·
899 3499 1116 3564 riut'sduflist
1127 3501 1156 3566 l,
1165 3503 1194 3552 51
1205 3536 1213 3564 ,
1225 3497 1258 3551 65
1267 3535 1275 3563 ,
1283 3511 1415 3552 nemun.

337 3593 402 3633 tram
411 3592 592 3651 pervenerunt,
602 3594 751 3655 propagatos
761 3601 813 3634 esse
821 3581 850 3634 il·
899 3578 988 3631 Rutt.

337 3657 376 3710 los
386 3640 501 3722 irroret,
514 3659 560 3729 qui
570 3679 584 3712 e
595 3659 661 3712 mele
677 3672 777 3732 accepts
789 3659 850 3713 dic·
928 3655 952 3709 3.
957 3654 1303 3726 Timagenesttteltsbmtc
1308 3658 1414 3710 emend.

336 3736 414 3789 tantis
425 3757 487 3789 voce
498 3737 552 3790 nati
562 3749 628 3791 sunt.
640 3737 726 3806 Tum,
736 3738 807 3808 quod
816 3740 848 3792 sd
897 3737 991 3808 optime
1002 3737 1058 3790 lect.
1065 3735 1282 3808 codd-ymagines
1292 3775 1300 3800 ,
1311 3739 1414 3807 image·-

335 3827 449 3865 nostrum
460 3831 505 3865 ms.
515 3833 541 3866 a.
550 3827 655 3886 spectet,
668 3814 731 3868 illud
745 3835 847 3882 moneo,
895 3803 1135 3888 nes.-'l‘imcgcnes
1142 3813 1374 3885 illepidam
1379 3817 1412 3870 in

325 3891 406 3960 'quod
419 3891 446 3943 in
464 3893 540 3946 Prtel.
555 3911 659 3946 monere
670 3892 763 3946 oblitus
773 3913 845 3958 sam,
894 3895 978 3961 notis,
988 3894 1127 3949 virtitute
1138 3894 1357 3965 Augustismccs
1367 3915 1414 3968 ps-

333 3969 447 4022 eodieem
457 3969 534 4032 hunc,
541 3983 662 4024 vetustate
669 3971 774 4041 quidem
782 3990 847 4045 pre·
895 3987 932 4027 ter
939 3975 975 4028 sic
983 3974 1118 4028 homiuem
1128 3973 1271 4046 descripsit:
1280 3995 1294 4020 ι
1304 3974 1412 4028 Asinius

332 4060 439 4101 stentem
451 4048 506 4101 aliis
516 4049 645 4114 omnibus,
656 4048 688 4102 ab
699 4071 729 4103 eo
738 4050 844 4103 homine
894 4053 978 4107 Pollio
993 4072 1059 4124 sepe
1078 4052 1176 4105 solebat
1194 4051 1261 4126 apud
1280 4051 1412 4107 cesarem

332 4145 383 4180 esse
398 4140 540 4197 exaratum,
554 4130 600 4201 qui
617 4149 704 4182 eorum
716 4147 774 4198 qun
783 4131 845 4183 scri·
893 4148 951 4182 eum
969 4130 1109 4204 Timagene
1127 4131 1284 4201 confligere,
1301 4129 1412 4185 homins

330 4205 402 4260 leret
414 4207 479 4260 nihil
493 4207 662 4274 intellexerst;
681 4207 714 4259 ita
727 4205 842 4279 imperite
892 4207 971 4261 scidtc
978 4207 1085 4281 lingue,
1096 4219 1120 4261 et
1127 4207 1172 4278 qni
1183 4205 1259 4259 nimis
1268 4205 1333 4260 liber
1339 4221 1411 4274 erst3
