2950 4934
291 485 361 570 486
666 473 821 544 Jnsrr
843 473 1001 542 srrsn

291 630 398 710 (ΡΨ
415 619 564 709 tpccthndi
573 623 664 706 gratia
674 619 808 681 fruuntrn
820 642 828 676 ι
841 619 882 676 sic
892 617 947 676 iste
962 617 1118 698 ingenuus,
1130 625 1160 675 et
1169 615 1231 676 ὼ
1244 635 1361 696 ψ

289 754 347 792 sua
358 750 478 804 memor,
488 753 546 790 non
557 731 643 803 emit,
653 727 769 799 vendit,
779 723 900 808 agellos,
913 721 1055 806 pecudes,
1065 720 1156 796 ades,
1167 721 1360 804 magistratus,

261 837 341 898 ‘sed
360 837 889 919 cansssmagniconventns3etqrrae
908 831 939 890 in
960 852 1013 904 eo,
1029 828 1357 910 inquiritaQuisnma-

289 944 359 1003 dum
374 941 451 1002 hunc
472 941 625 1002 condidit?
639 942 705 1024 quis
723 936 921 1006 administret?
936 957 999 1020 qun
1014 937 1061 996 ills
1075 936 1147 996 mira
1160 936 1290 1006 insere,
1310 946 1361 993 to-

288 1051 383 1122 nitru,
400 1047 528 1122 fulmen,
544 1047 644 1108 venti?
664 1050 714 1130 qui
733 1048 764 1106 in
781 1045 849 1106 carlo
863 1065 1006 1128 perennes
1019 1056 1049 1104 et
1061 1042 1149 1104 lucidi
1161 1041 1265 1125 ignes?
1279 1040 1359 1100 hlarc

287 1176 339 1213 cur
351 1154 429 1213 vices
444 1175 509 1214 suas
532 1153 640 1214 fluendi
657 1151 856 1233 retinendique
876 1149 983 1210 hahet?
997 1150 1027 1209 in
1043 1162 1118 1209 terra
1135 1147 1266 1230 quidest
1282 1145 1358 1228 quod

288 1281 353 1319 cam
373 1260 499 1319 concutit
514 1270 543 1318 et
556 1257 671 1321 moreti
686 1258 780 1340 Atque
794 1257 825 1316 in
840 1255 894 1317 hac
912 1255 1095 1338 inquisitione
1108 1253 1213 1314 deinde
1230 1254 1359 1312 mulcens

286 1365 430 1446 medam,
445 1377 475 1424 et
488 1365 574 1425 simul
586 1365 762 1447 percellens,
777 1364 925 1426 admiratio
937 1386 945 1422 a
957 1384 1019 1444 quse
1030 1374 1135 1435 mater,
1146 1373 1179 1420 ut
1192 1361 1232 1419 sic
1247 1359 1357 1432 dicam,

287 1471 462 1554 Sapientiam
475 1472 560 1553 parit.
577 1471 656 1530 Plato
670 1469 713 1553 (in
729 1465 899 1551 Theaeteto.)
911 1493 920 1530 a
936 1497 949 1523 ιι
962 1468 1055 1532 Valde
1070 1465 1233 1548 Philosophi
1248 1465 1298 1524 illo
1311 1464 1359 1524 al-
1465 1488 1466 1500 ¹

286 1579 373 1637 sectio
387 1591 445 1650 est,
457 1577 599 1638 Admirati
611 1601 619 1637 a
631 1599 726 1661 neque
737 1579 792 1638 alia
803 1578 882 1660 origo
893 1587 923 1636 et
933 1575 1045 1634 initium
1057 1571 1259 1654 Philosophia,
1272 1593 1357 1653 vam

286 1684 349 1743 ista.
363 1709 378 1738 a
394 1682 503 1744 Nobilio
520 1683 699 1766 discipulus,
712 1684 750 1744 ab
764 1681 948 1764 eo(Aristet.
961 1679 994 1752 l,
1008 1679 1083 1740 Post.
1096 1678 1181 1759 phys.
1195 1699 1261 1759 cap.
1278 1675 1333 1759 rr)
1346 1699 1354 1736 t

288 1818 302 1844 α
317 1789 437 1872 Propter
453 1789 699 1863 Adnimtionem,
714 1789 844 1850 homines
864 1789 932 1850 olim
946 1799 975 1848 et
988 1807 1065 1848 niano
1084 1784 1280 1867 Philosophari
1295 1807 1358 1846 oce·

284 1889 399 1976 petunt.
417 1923 431 1949 n
450 1895 495 1957 Ite
512 1908 576 1956 esta
594 1896 631 1956 ab
647 1896 695 1956 illa
709 1897 856 1977 inquirere
876 1896 907 1956 in
922 1915 1020 1954 causas
1034 1913 1130 1954 rerum
1144 1907 1312 1974 coepes-nnn
1327 1905 1357 1952 et

283 2002 422 2082 repertio,
438 2002 501 2083 ipsa
516 2001 602 2062 desiit
613 2025 622 2060 c
635 2013 806 2083 mutamque
813 1999 1021 2083 pulcherrimus
1032 1997 1219 2080 Philosophie
1229 1997 1356 2069 fructus,

283 2107 341 2168 Nil
348 2109 497 2168 admirari.
513 2109 560 2169 sb
570 2109 753 2190 inquisitione
763 2109 839 2168 enim
851 2107 975 2190 cognitio
989 2119 1019 2167 et
1032 2106 1167 2166 Veritas:
1180 2131 1196 2158 ι
1209 2103 1274 2180 Qua
1285 2103 1358 2164 nnl-

276 2213 432 2273 -lusanimo
442 2216 555 2274 suavior
565 2215 737 2276 ateium,-
747 2213 888 2295 (lacuna
903 2213 930 2286 l,
941 2235 1005 2294 cap.
1024 2210 1183 2293 ipsene·
1192 2223 1291 2272 noster
1301 2233 1358 2292 ap-

284 2319 375 2398 posite
386 2317 451 2400 (VJ
467 2318 532 2380 Nat.
549 2319 662 2395 Queat,
674 2343 738 2404 cap.
757 2317 795 2402 4)
812 2343 851 2383 :a
864 2319 948 2394 Quod
962 2321 1019 2382 erit
1031 2320 1155 2402 pretium
1169 2317 1284 2399 operui
1295 2339 1356 2400 quo

283 2423 393 2484 nullum
407 2425 501 2504 majus
516 2437 576 2500 est,
593 2445 677 2488 nosse
692 2437 832 2500 nutritam.
849 2427 949 2508 Neque
963 2427 1040 2488 euim
1051 2425 1208 2507 quidquam
1223 2423 1311 2484 hahet
1324 2424 1354 2484 in

281 2550 312 2588 se
322 2529 409 2609 hujus
415 2533 541 2592 materie
551 2535 680 2594 uastatio
689 2533 846 2615 pulchrius,
858 2555 947 2615 quum
957 2533 1045 2592 multa
1055 2531 1158 2592 habeat
1166 2529 1263 2590 futura
1272 2532 1352 2602 usrri,

280 2657 366 2716 qcram
381 2637 459 2717 quod
473 2637 617 2699 hominem
628 2639 840 2721 magnificentia
857 2641 901 2698 sui
918 2637 1027 2700 detinet
1040 2661 1048 2697 a
1065 2659 1118 2697 nee
1131 2635 1286 2710 mercede,
1300 2635 1352 2698 sed

280 2743 418 2802 miraculo
434 2743 570 2805 colitur.»
592 2743 631 2804 Er
650 2745 827 2805 mehercules
843 2747 874 2806 in
890 2746 954 2826 ipsa
968 2767 1001 2805 ea
1019 2744 1180 2826 cognitione
1196 2742 1245 2802 alii
1267 2742 1351 2802 mam
1460 2756 1465 2815 ξ

243 2901 247 2908 ,
280 2847 404 2921 fructus,
418 2861 451 2910 ut
465 2849 576 2912 Seneca
589 2853 690 2933 tangit.
706 2850 807 2924 Quid?
825 2849 882 2910 duo
896 2851 1050 2932 precipui,
1067 2847 1228 2920 Modestis,
1244 2861 1274 2908 et
1284 2847 1353 2908 tta-

279 2957 471 3036 gnanimitas,
485 2977 556 3038 qrros
571 2956 671 3016 Cicero
685 2955 743 3038 (IV
757 2956 792 3016 de
806 2953 888 3036 Fin.)
901 2955 1019 3038 porrigit
1036 2967 1066 3014 et
1079 2955 1186 3016 revelat
1198 2977 1207 3012 c
1222 2979 1237 3008 ι
1246 2954 1352 3014 Mode-

278 3063 361 3122 stiam
372 3061 545 3144 quamdam,
560 3064 673 3145 inquit,
688 3068 784 3124 rerum
798 3063 950 3122 celestium
964 3061 1088 3144 cognitio
1099 3062 1180 3122 affert
1192 3061 1229 3120 iis
1241 3061 1293 3141 qni
1306 3061 1351 3120 ri-

279 3167 368 3239 dent,
390 3181 497 3249 quanta
517 3169 555 3230 sit
574 3171 660 3230 etiam
681 3169 760 3251 apud
781 3149 857 3228 Deoi
878 3169 1053 3240 moderatio,
1076 3179 1199 3249 quantu
1214 3167 1287 3228 ordo
1299 3191 1308 3226 a
1322 3179 1351 3228 et

278 3272 504 3354 magnitudinem
517 3276 627 3348 animi,
643 3275 770 3335 Deorum
783 3297 871 3358 opera
885 3285 914 3334 et
927 3273 1002 3335 fecta
1015 3274 1208 3336 cernentibus.
1223 3299 1237 3327 a
1250 3273 1350 3336 veis·

277 3378 349 3436 sime
360 3399 369 3436 s
381 3399 435 3437 nee
445 3378 483 3438 erl
489 3379 659 3441 Modestiam
667 3381 758 3440 solum
769 3381 806 3440 sb
817 3379 865 3442 illa
875 3380 1067 3442 moderatione
1077 3381 1287 3460 componimur,
1298 3381 1349 3442 sed

277 3483 362 3568 ctiam
376 3505 394 3542 e
405 3487 616 3565 comparatione
629 3487 718 3547 nostri
731 3497 968 3567 nostrorumque,
981 3497 1010 3546 et
1018 3507 1103 3567 vam
1114 3485 1181 3546 vilia
1192 3527 1201 3558 ,
1215 3484 1347 3568 laqueis,

276 3590 350 3650 levia
359 3589 418 3649 hec
429 3592 524 3650 omnia
534 3632 544 3665 ,
557 3613 615 3672 prte
624 3593 681 3652 illis
692 3593 820 3676 ongtrstis
830 3605 859 3652 et
869 3593 980 3652 aetmnis
989 3593 1056 3652 sint.
1072 3591 1155 3652 ldem
1165 3591 1268 3653 Cicero
1281 3573 1347 3654 ahhi

276 3693 378 3776 (head.
388 3696 476 3776 prior.
486 3694 534 3777 11)
544 3697 581 3757 de
589 3709 710 3779 utroque
720 3699 823 3758 affectu
836 3721 846 3757 a
858 3725 872 3752 s
885 3695 1039 3780 Erigirnur,
1049 3699 1179 3758 elatiores
1189 3699 1253 3760 heri
1262 3699 1349 3760 ride·

274 3823 358 3874 mur,
367 3802 492 3864 hirmana
500 3803 691 3886 despicimus,
704 3806 916 3888 cogitantesque
925 3825 1029 3885 supera
1037 3816 1123 3886 etque
1132 3805 1255 3865 celestia
1266 3850 1276 3880 ,
1288 3805 1346 3867 hec

274 3920 389 3982 nostr-a,
404 3923 439 3970 at
455 3912 601 3994 exiguset
618 3911 736 3972 minima
753 3911 998 3972 contemnimus.»
1018 3911 1099 3972 'l’mre
1121 3911 1231 3972 scilieet
1244 3913 1344 3992 juvat,

275 4040 289 4068 s
301 4016 376 4076 inter
394 4015 489 4077 sidem
504 4020 566 4100 ipss
578 4031 750 4102 vagantem,
767 4017 887 4079 divitum
905 4019 1066 4100 pavimenta
1081 4018 1195 4091 ridere,
1212 4032 1242 4079 et
1258 4033 1344 4081 tetam

274 4141 337 4180 cum
345 4143 415 4182 auro
426 4145 479 4182 suo
487 4135 603 4183 terram.
618 4150 632 4176 ι
642 4123 757 4205 (Senee.
771 4123 786 4184 1
797 4123 901 4199 Quart.
917 4123 982 4184 Nat.
997 4123 1093 4207 Pras.)
1103 4123 1141 4184 Et
1150 4125 1180 4185 in
1191 4147 1226 4186 ea
1237 4125 1343 4187 deinde

273 4239 351 4305 parte
364 4253 378 4280 α
389 4241 527 4290 terrarum
540 4230 635 4290 orbern
650 4231 871 4310 despicientem,
882 4245 1049 4314 ruffinum,
1062 4244 1091 4292 et
1102 4253 1204 4314 magna
1215 4255 1252 4294 ex
1263 4245 1342 4315 parte
