2950 4934
328 459 393 526 562
696 451 847 523 Jus'rr
870 453 1032 524 LIPSlI

325 599 451 679 Corpora
466 619 533 658 cum
547 597 693 679 Simplicia
706 596 882 679 intelligere,
903 608 933 656 et
948 597 1048 658 mixto.
1073 596 1136 658 Etsi
1156 599 1192 658 uh
1207 601 1278 680 ipsis
1294 599 1398 681 Corpo-

325 706 405 764 ribus
418 705 583 785 compositis
596 705 758 786 abjungunt
772 705 857 764 ctiam
875 703 1052 786 Qualitoies,
1074 715 1103 766 ct
1120 706 1276 766 Materiam
1297 705 1397 766 fuciunt

324 813 498 890 subjectam,
511 822 540 870 et
553 811 719 871 Formarum
736 831 785 868 cos
798 810 875 868 vices
888 809 1005 870 habere.
1021 809 1188 872 Plutarchus
1199 811 1338 872 adversus
1353 832 1395 870 eos

321 916 371 998 (ln
382 919 480 977 Contr.
493 915 597 1000 Stoic.)
609 941 622 976 ε.
634 945 648 971 ι
663 915 725 977 Etsi
739 917 848 998 ubique
862 915 1034 991 Materiam,
1052 940 1105 999 per
1117 940 1149 978 sc
1168 921 1294 980 inertem
1303 932 1333 978 et
1342 921 1394 977 irn-

318 1025 474 1098 mobilem,
494 1023 685 1099 Qualitotihus
699 1023 800 1103 subjici
816 1023 971 1105 predicant
983 1047 991 1084 ι
1003 1025 1160 1099 Qualitates
1174 1038 1274 1086 autem
1286 1026 1393 1106 spiritus

321 1154 401 1206 esse,
414 1133 502 1214 aliqui
510 1134 622 1214 vigores
633 1144 662 1192 et
675 1133 846 1192 intentiones
856 1131 995 1214 qtrasdarn
1005 1153 1121 1208 aereas,
1133 1155 1197 1214 qun
1208 1147 1324 1215 portes,
1333 1134 1392 1214 qui-

319 1233 731 1322 buscumque'ingenerantur,
748 1237 838 1299 forms
853 1240 990 1315 alliciunt,
1006 1242 1211 1322 strigorem.»
1228 1240 1308 1300 Ecce
1321 1239 1393 1314 Qua-
1450 1205 1451 1294 l

317 1347 412 1406 litatcs
422 1346 516 1428 palam
528 1346 653 1428 Corpora
668 1369 676 1403 c
692 1345 814 1426 quidni?
828 1347 981 1406 suntenim
990 1345 1126 1428 Spurius,
1138 1356 1294 1408 stacteum
1307 1345 1390 1428 quid-

317 1453 395 1513 dam.
417 1451 544 1511 littero
566 1451 727 1533 Quob'totes
747 1473 799 1532 pro
815 1453 924 1513 Formis
945 1452 1146 1536 Trisnregistus
1168 1455 1256 1512 etiarn
1278 1463 1391 1532 usurpat

316 1560 394 1641 (cap.
408 1555 469 1639 8)t
483 1583 498 1612 α
510 1558 626 1618 Affatim
639 1570 735 1617 autern
748 1558 881 1618 idearum
891 1559 986 1640 quulin
1003 1557 1087 1619 Pater
1100 1558 1277 1619 inseminans
1291 1557 1388 1641 globo,
1450 1549 1451 1592 ³

317 1676 455 1746 tanquam
467 1665 498 1723 in
515 1676 597 1723 antro
612 1664 767 1736 conclusit,
786 1664 864 1724 omni
878 1663 1013 1746 qualitate
1025 1685 1166 1725 exornare
1181 1665 1302 1746 cupiens
1320 1661 1390 1744 quod

316 1793 383 1832 cum
397 1774 460 1853 ipso
474 1784 535 1832 erat
548 1771 642 1852 quale.
657 1796 672 1825 s
689 1771 754 1830 Non
768 1771 865 1846 uliud,
882 1793 968 1854 mam
981 1775 1146 1834 varietatem
1160 1771 1332 1832 Formarum
1343 1793 1391 1831 sc·
1450 1771 1451 1774 ’

316 1880 454 1961 ceperim,
465 1877 741 1960 qunsbluudolleus
752 1879 882 1951 inseruit,
893 1879 997 1960 petitas
1007 1901 1024 1938 u
1035 1879 1133 1960 primis
1146 1877 1274 1952 Formis,
1287 1877 1387 1949 idest,

315 1985 404 2046 Ideis.
417 1985 525 2066 Atquin
536 1996 565 2044 et
573 1983 633 2042 haec
643 1983 732 2056 tales,
745 1995 779 2042 ut
789 1983 866 2056 dixi,
882 2005 1001 2064 corporo
1014 2007 1023 2043 e
1036 1984 1113 2065 quod
1124 1983 1292 2044 Plutumhus
1304 1982 1388 2052 dicit,

315 2103 345 2150 et
360 2090 486 2150 damnat.
506 2089 551 2148 Ita
568 2090 646 2148 enirn
662 2101 761 2149 contra
777 2089 868 2149 istos-r
886 2115 900 2144 ιι
913 2087 1075 2150 Essentiom
1086 2102 1116 2149 et
1128 2088 1276 2148 Mater-iam
1287 2089 1389 2167 subjici
1450 2097 1451 2122 ¹

314 2195 415 2256 dicunt
421 2193 791 2270 Quolitstihuerualitates
801 2207 894 2256 antem
902 2215 1000 2270 rursus
1008 2217 1126 2277 corpora
1133 2194 1250 2256 iaciunt.
1260 2195 1389 2276 lmplm

311 2323 381 2362 vero
391 2303 445 2362 ista
456 2323 502 2362 res
513 2325 521 2373 ;
536 2301 639 2361 namsi
654 2302 811 2376 Quolitates
826 2303 978 2362 essentiam
989 2323 1069 2361 suam
1082 2303 1224 2383 propriam
1233 2301 1343 2362 hahent
1352 2323 1386 2362 ex

312 2432 370 2490 qua
385 2407 519 2468 dicuntur
537 2420 568 2468 et
580 2421 648 2467 sunt
660 2429 780 2489 eor-poro
794 2431 803 2467 ε
819 2429 877 2468 non
894 2418 1025 2490 quarunt
1037 2409 1188 2468 essentiam
1201 2409 1307 2468 aliems
1327 2435 1343 2462 ι
1359 2420 1388 2468 et

315 2514 462 2596 pluscula,
480 2533 544 2596 quae
556 2513 697 2597 adjungit.
714 2513 791 2588 Quin
803 2525 833 2574 et
845 2511 949 2573 Caleni
965 2512 1079 2576 libellus
1091 2513 1196 2588 hodie,
1213 2527 1313 2574 coutm
1326 2537 1389 2576 eos·

315 2619 382 2680 dem
396 2632 564 2702 argumento
576 2632 607 2678 et
623 2619 727 2679 titulos
741 2645 754 2673 o
767 2617 851 2695 Quod
862 2618 1018 2694 Qualitutes
1032 2621 1089 2680 sint
1102 2621 1282 2701 incorporee.
1295 2647 1311 2674 ι
1327 2621 1387 2680 Nec

315 2724 352 2785 (lc
369 2722 467 2785 formis
483 2724 574 2784 solum
597 2725 794 2785 essentialibus
812 2725 927 2806 accipe,
953 2724 1004 2786 sed
1026 2725 1063 2786 de
1083 2725 1261 2798 Virtutibus,
1277 2726 1386 2798 viriis,

315 2831 491 2904 Affectibus‚
509 2841 595 2909 atque
608 2829 691 2901 aliis,
708 2851 774 2911 quas
790 2828 957 2891 Plutarchus
974 2843 1121 2892 enumerat
1142 2832 1228 2904 item,
1250 2843 1278 2890 et
1298 2832 1384 2892 ridet.
1450 2885 1451 2906 ,

314 2935 456 3020 (Advers.
470 2934 599 3018 Stoic.)=
614 2961 628 2989 o
639 2935 803 2996 Absurdum
813 2947 908 2996 autem
918 2937 1021 3009 nimis,
1031 2933 1175 3010 Virtutes,
1189 2937 1292 3007 Vitiot,
1302 2939 1388 2997 Artes
1450 2921 1451 2944 ¹

315 3057 468 3126 preterea,
484 3064 641 3125 omnesque
654 3041 827 3116 Memoriss,
844 3043 913 3102 item
927 3038 1110 3115 Phantasias,
1125 3056 1154 3104 et
1163 3041 1306 3115 Affectus,
1320 3043 1388 3130 Ap-

316 3153 486 3232 petr'tiones,
504 3151 706 3221 Assentiouss,
727 3169 846 3229 corpora
861 3169 950 3230 quum
964 3147 1085 3222 sacient,
1104 3149 1135 3208 in
1149 3149 1228 3208 nullo
1241 3169 1275 3208 eo
1289 3149 1386 3210 dicen
1450 3177 1451 3186 ¹

314 3256 406 3338 posita
426 3277 488 3316 esse
506 3277 539 3315 oc
559 3255 712 3316 subsistere
732 3254 848 3314 alneum
863 3253 1011 3314 dumtaxat
1027 3255 1062 3316 iis
1074 3275 1164 3314 rmnrn
1176 3256 1206 3314 iu
1220 3254 1306 3316 eorde
1319 3257 1387 3316 exi-
1450 3291 1451 3338 q

220 3346 223 3352 ¹
315 3383 420 3444 guum,
439 3361 489 3443 qui
503 3361 603 3442 puncti
615 3361 704 3420 instar
717 3361 770 3433 sit,
787 3360 967 3441 relinquere,
983 3359 1034 3420 ubi
1047 3361 1135 3420 animi
1144 3361 1213 3420 item
1225 3360 1387 3442 Principale

315 3482 369 3529 en.
386 3495 400 3523 2.
418 3467 490 3529 sun
502 3467 609 3539 rator,
626 3467 658 3527 iu
670 3464 765 3526 rmore
783 3465 843 3525 rm
856 3464 977 3525 orrens
992 3489 1001 3525 t
1015 3466 1068 3528 no
1082 3467 1199 3526 snus
1211 3466 1253 3526 ur
1267 3467 1342 3542 vrri,
1356 3483 1387 3530 a

313 3578 360 3637 vel
369 3577 495 3637 maxime
503 3573 669 3647 Dialectici,
682 3594 774 3634 cause
785 3573 894 3655 aliquid
904 3574 1057 3634 habuerint
1074 3575 1116 3636 sic
1125 3575 1289 3653 judicandi,
1302 3578 1388 3638 nohis
1450 3559 1451 3564 ἵ

315 3685 346 3743 in
363 3684 533 3764 scriptorum
546 3680 596 3741 illa
609 3682 726 3741 raritate
742 3679 878 3740 obscure.
898 3679 1075 3762 Chrysippus
1094 3701 1169 3741 unus
1190 3695 1333 3756 exstaret,
1353 3683 1385 3745 iu

301 3799 413 3870 .aperto
427 3807 472 3848 res
489 3797 574 3847 esset.
590 3785 648 3846 sed
660 3784 735 3845 hene
756 3805 793 3844 sn
806 3785 882 3845 molo
895 3785 956 3860 illi,
972 3807 1031 3847 non
1045 3807 1123 3848 nunc
1136 3807 1297 3868 quaeremus
1314 3812 1323 3849 ι
1339 3811 1386 3850 res

313 3893 430 3976 quidem
444 3905 475 3954 et
488 3913 587 3954 seusus
604 3912 703 3953 eorum
715 3891 867 3973 ponendus
882 3904 935 3954 est.
951 3890 1053 3953 Noster
1071 3893 1179 3954 Seneca
1194 3895 1232 3954 orl
1243 3893 1386 3958 Lucbinm

313 3997 475 4083 (Eperos
490 4026 505 4055 r
516 3998 580 4061 lion
589 4011 659 4084 puto
668 4010 699 4060 te
708 3983 915 4075 dubitaturum,
926 3999 997 4082 quin
1006 3998 1132 4062 Affectus
1144 4000 1269 4083 Corpora
1279 4003 1356 4062 sint:
1367 4027 1384 4056 ι

347 4221 438 4273 ¹roem
450 4223 551 4306 resurr.
566 4222 597 4275 oe
608 4225 690 4276 nnn.
701 4241 755 4295 op.
770 4225 795 4276 s.
