2950 4934
310 443 370 530 til
594 446 633 512 L.
661 385 1093 514 ANNAEI'SENECAE

302 582 341 634 ut
356 565 558 636 manducata
572 581 758 659 ponantur.
770 565 947 659 Quantulo
959 582 1074 638 autem
1087 567 1153 638 hoe
1167 569 1296 642 minus¹
1313 587 1380 658 eet,

303 697 407 754 testas
433 707 619 778 excerpere
638 700 743 776 atqua
763 707 860 766 ossa,
879 699 915 751 et
930 683 1085 756 dentium
1107 709 1213 780 opera
1232 711 1382 782 coquum

245 810 278 864 28
304 801 428 895 iungi?
443 802 557 870 Grave
574 817 627 869 est
640 801 808 870 luxuriari
823 825 888 894 per
900 801 1037 894 singula
1054 829 1062 869 ι
1078 805 1328 887 omniasemel,
1345 825 1383 878 et

303 918 341 985 in
351 915 510 986 eumdem
524 939 800 1012 capacensem,
816 933 1002 1010 ponantur.
1015 918 1134 1010 Quare
1146 943 1210 1014 ego
1219 921 1264 990 ad
1277 942 1381 992 unam

303 1046 379 1100 rem
401 1049 539 1100 manum
561 1033 762 1125 porrigam?
780 1031 880 1123 plura
899 1032 1038 1101 veniant
1056 1033 1176 1118 aimuh
1196 1035 1382 1106 multorum

304 1144 510 1214 ferculorum
532 1160 730 1214 ornamenta
750 1161 872 1212 coeant
887 1162 924 1213 et
939 1145 1144 1215 cohaereant.
1164 1148 1281 1218 Sciant
1296 1173 1383 1243 pro-

302 1262 396 1331 tinus
409 1261 465 1346 hi,
486 1262 546 1354 qui
556 1262 776 1354 jactationem
791 1284 833 1330 ex
846 1263 926 1362 istis
934 1265 1005 1355 peti
1018 1279 1054 1332 et
1066 1265 1208 1360 gloriam
1221 1268 1378 1355 aiebant,

302 1397 373 1446 non
393 1376 527 1448 ostendi
554 1379 639 1460 ista,
667 1377 728 1448 sed
755 1379 970 1448 conscientiae
987 1379 1062 1450 dari
1078 1385 1106 1448 ².
1133 1383 1268 1453 Pariter
1285 1384 1379 1470 sint,

303 1518 379 1586 quae
398 1495 535 1588 disponi
563 1494 695 1578 solent,
717 1516 787 1561 uno
807 1495 888 1587 jure
909 1497 1049 1588 perfusa
1075 1523 1083 1565 ε
1105 1496 1195 1565 nihil
1216 1499 1379 1568 intersit:

303 1625 415 1680 ostrea
430 1604 457 1692 ³,
484 1607 621 1692 echini,
648 1608 828 1702 spondyli,
855 1611 974 1693 mulli,
991 1612 1184 1706 perturbati
1201 1617 1383 1682 concocti-

243 1751 278 1804 ²9
302 1745 370 1818 que
384 1736 568 1816 ponantur.
582 1723 710 1790 -Non
726 1738 815 1790 esset
829 1725 1004 1793 confusior
1017 1727 1226 1796 vomentium
1241 1721 1379 1799 ‘cibum

301 1830 505 1932 Quomodo⁵
523 1841 586 1908 ista
602 1839 765 1932 perplexa
781 1855 874 1921 sunt,
887 1841 937 1908 sic
953 1865 993 1909 ex
1012 1842 1087 1912 istis
1103 1867 1173 1910 non
1189 1844 1384 1938 singulares

300 1958 412 2025 morbi
430 1971 631 2037 nascuntur,
654 1953 715 2022 aed
734 1955 1011 2048 inexplicabiles,
1035 1956 1182 2044 diversi,
1207 1958 1385 2030 multifora

300 2097 374 2144 mes
392 2099 400 2140 :
419 2072 583 2142 adversus
597 2090 684 2164 quos
701 2088 736 2140 et
753 2072 928 2141 Medicina
944 2097 1077 2143 armare
1095 2099 1132 2144 se
1145 2077 1247 2169 coepit
1260 2077 1382 2146 multi-

302 2188 486 2284 generibus
503 2180 842 2258 observationibus⁶.
929 2259 933 2266 ,
1004 2194 1007 2201 “

349 2305 446 2376 Idem
464 2306 528 2376 tibi
546 2303 591 2374 de
609 2305 833 2398 Philosophia
858 2304 955 2373 dim..
977 2302 1059 2372 Fuit
1083 2272 1269 2399 aliquando
1292 2310 1386 2376 aim-

334 2523 356 2556 t.
369 2503 506 2575 Quantulo
514 2504 654 2557 boemiam
664 2511 704 2555 est
714 2540 721 2567 ,
733 2512 815 2554 testas
864 2502 949 2554 sciant
959 2503 1075 2556 convivae
1085 2503 1137 2557 itta
1146 2521 1198 2556 non
1209 2517 1307 2556 tentum
1317 2526 1385 2558 octa-

298 2597 450 2650 emcerpere,
460 2593 506 2634 etc.
515 2583 535 2634 l.
546 2601 568 2634 e.
576 2600 629 2633 uon
636 2579 719 2632 multo
731 2579 816 2631 minus
864 2573 896 2632 lis
910 2581 1013 2633 ostendi
1024 2582 1035 2646 (
1042 2593 1070 2632 ut
1081 2597 1145 2653 sepe
1159 2579 1188 2633 [it
1197 2583 1225 2649 l,
1239 2587 1288 2636 sed
1305 2585 1384 2656 ipso-

300 2671 338 2714 est
349 2677 427 2730 quem
440 2660 593 2713 manducata
605 2659 676 2732 poni.
865 2671 921 2708 rum
939 2657 1022 2729 gumi
1036 2658 1107 2724 dari;
1123 2671 1151 2712 ut
1169 2662 1359 2715 manducentur
1374 2697 1384 2728 ,

331 2759 355 2793 ι.
366 2739 428 2791 Νοη
439 2741 542 2791 ostendi
554 2742 620 2799 itta,
634 2739 683 2791 sed
691 2740 818 2791 conscien-
866 2756 920 2789 non
931 2749 960 2788 ut
972 2749 1071 2789 tantum
1084 2751 1236 2811 spectentur.

298 2822 343 2871 tice
362 2819 430 2870 dari.
444 2816 530 2870 liuhi.
547 2816 727 2888 interpretatur
745 2813 818 2885 quiesi
900 2814 923 2867 3.
935 2816 1142 2882 (triremium,
1151 2817 1280 2889 spondylr',
1290 2821 1382 2884 mulli,

298 2895 353 2950 hee
364 2895 418 2968 ipse
430 2895 528 2949 Seneca
537 2893 676 2966 indignans
688 2895 756 2964 (uon
767 2892 818 2962 jam
863 2891 978 2963 perturb,
987 2905 1032 2946 etc.
1042 2893 1092 2947 Sic.
1100 2915 1179 2947 maa.
1187 2895 1284 2968 Vulgo,
1293 2908 1385 2949 ostrea

299 2991 380 3028 coenee
398 2971 571 3046 Amphitryo)
587 2972 702 3034 diceret,
720 2981 819 3043 etpost
865 2971 974 3032 echinis,
987 2974 1110 3045 spondyli
1116 2973 1267 3042 perturbati
1279 2978 1386 3029 mullis.

298 3056 458 3107 conscientia
479 3054 546 3117 dori¹
564 3051 662 3126 supplet
685 3068 692 3104 ε
717 3061 819 3124 propter
900 3049 1392 3125 4.Nooessetconsusiornomentr'um'

299 3130 492 3183 multitudinem
511 3131 672 3190 morborum,
693 3127 738 3196 qui
758 3125 818 3178 inde
865 3127 946 3178 ribus·
961 3126 1032 3179 Adeo
1051 3126 1188 3180 miscentur
1198 3129 1277 3182 variae
1290 3129 1386 3203 dapes,

300 3209 426 3263 oriuntur.
439 3206 521 3260 Nobis
533 3219 618 3259 entem
634 3203 815 3274 multomagis
863 3215 963 3255 utnon
983 3203 1064 3276 magis
1083 3204 1267 3273 miscerentur,
1285 3208 1305 3259 si
1326 3209 1384 3276 iam

300 3285 431 3360 probabile
445 3285 562 3350 videtur,
575 3283 630 3338 haee
648 3295 672 3335 et
684 3281 816 3351 sequentia
863 3279 993 3334 stomacho
1008 3294 1134 3336 concocta
1147 3298 1333 3338 evomerentur.

301 3371 383 3435 nsque
401 3361 591 3428 ednonesset,
606 3359 741 3412 abeodem
754 3357 814 3410 dici.
897 3362 921 3413 5.
941 3358 1130 3429 Quomodo...
1148 3363 1385 3417 observationibus.

299 3439 387 3513 ltaque
396 3439 489 3515 gallico
500 3438 630 3514 interpreti
641 3436 723 3510 potius
732 3455 817 3488 assen-
863 3437 951 3490 Totins
962 3435 1037 3507 hujus
1050 3437 1100 3490 loti
1110 3458 1198 3492 sensus
1207 3453 1244 3493 est
1255 3462 1261 3492 ε
1274 3442 1384 3496 Miscete

300 3519 817 3590 timor,quiahocaxsatnvotraceax
865 3515 1386 3592 quamplurimasdapes;quopluresmis·

301 3601 349 3669 qni
358 3599 546 3651 m'accusnr'eat
556 3598 588 3648 de
605 3614 637 3648 ne
649 3613 743 3662 conger
753 3594 816 3663 pu’d
864 3595 980 3660 eueritis,
993 3614 1023 3646 eo
1033 3593 1116 3665 plures
1126 3596 1228 3649 morbos
1238 3609 1263 3649 et
1271 3597 1385 3671 inexpli·

290 3677 369 3748 saite
381 3695 417 3728 un
434 3680 500 3730 vain
514 3677 618 3744 dtalage
633 3675 668 3726 de·
684 3673 817 3744 magnifi-
865 3671 1385 3732 cabileeetmultit‘ormesconvocat-critis.

301 3773 384 3818 eence,
398 3774 447 3824 pue
457 3759 519 3808 e'est
531 3757 617 3807 moins
629 3773 664 3804 un
677 3769 754 3820 repet
766 3769 817 3820 que
897 3751 923 3804 6.
943 3751 1161 3822 Multigeneribus
1185 3755 1384 3807 observationi-

299 3833 585 3900 jetenrsm'sadmtm‚
595 3829 813 3902 qu'uuee'm'gme,
864 3830 923 3882 bns.
938 3830 1033 3903 Scripsi
1054 3851 1083 3884 ex
1100 3830 1179 3902 Lipsii
1198 3831 1308 3906 conjeet.
1325 3833 1384 3885 Nec

302 3913 367 3964 dont
382 3914 410 3979 je
421 3930 463 3964 me
479 3913 574 3964 re'serve
588 3912 612 3962 le
625 3918 718 3973 secret,
735 3913 817 3976 macie
865 3908 934 3960 enim
952 3909 1085 3961 ferendum
1099 3910 1234 3962 videbatur
1246 3911 1383 3982 vulgatum

301 3994 360 4044 leur
368 3993 452 4043 donae
461 3995 480 4042 ὰ
490 3993 608 4054 devinrrf
620 3987 669 4039 nisi
681 3987 750 4057 quod
759 4005 816 4038 con·
864 3989 955 4040 multis
962 3990 1107 4056 generibus,
1120 3991 1212 4042 multis
1220 3989 1385 4042 obseruatio-

301 4069 415 4122 ret'enlioe
436 4067 509 4120 aliter
534 4066 713 4138 intelligamus.
732 4064 816 4118 Nobis
863 4066 949 4118 nibus.
962 4065 1024 4120 Scil.
1041 4067 1143 4138 repetita
1159 4088 1209 4119 vox
1226 4068 1384 4121 multitin-

302 4145 370 4198 enim
378 4147 569 4199 rhcomcienlt'oe
578 4145 641 4197 dort'
649 4140 708 4196 roci
715 4145 818 4197 ostendi
864 4155 1083 4218 terpretamentum
1094 4145 1175 4198 suerat
1182 4145 1302 4200 vocabuli
1312 4150 1384 4199 mul-

302 4223 396 4296 opponi
417 4223 533 4291 videtnrg
553 4222 588 4275 its
611 4233 639 4274 ut
660 4237 748 4274 sensus
760 4220 813 4274 sit:
865 4220 1120 4292 tigerreribor.Seltw.
