2950 4934
271 481 522 556 anrsros.
550 480 807 554 srorcon.
832 484 930 555 ars.
954 487 1007 554 11.
1104 493 1170 586 ⁵9⁵

101 633 180 695 dnn.
192 630 258 692 Non
269 610 330 706 est,
343 631 383 688 mi
396 626 494 710 Lipsi;
508 647 601 708 eoqne
613 627 745 688 resistere
758 640 787 692 ts
803 628 889 689 etiam
901 629 1018 712 rogabo,
1033 643 1063 694 ot
1077 632 1175 713 edm,

100 738 176 820 quid
188 738 228 798 ita
241 735 410 797 Posidonius
422 733 562 807 Stellam,
578 733 702 794 Mauro
716 755 816 816 corpur
831 731 1006 798 definiebat?
1020 735 1098 800 ers.
1111 740 1130 801 J
1131 761 1177 802 ern

102 845 213 905 dictum
227 856 278 904 ant
292 854 397 902 tactum
411 841 531 923 sepius,
554 838 656 900 Omnis
674 840 780 917 ether,
805 853 835 902 et
855 843 951 903 omnia
972 843 1109 922 aetlrerea,
1129 850 1177 910 Dii

103 963 172 1010 sunt
186 974 195 1009 r
210 948 279 1030 qnia
295 949 486 1030 participant,
507 958 558 1008 aut
576 960 707 1009 comunt
718 949 846 1008 maxime
860 969 898 1009 ex
915 949 964 1009 illo
979 951 1061 1034 Igne.
1078 955 1181 1037 Augu-

103 1059 196 1118 stinus
212 1055 276 1139 (lv
294 1056 340 1116 De
360 1054 423 1114 civ.
444 1076 507 1135 cap.
527 1052 577 1136 rr)
594 1077 603 1114 =
622 1081 637 1110 α
651 1054 760 1116 Dicunt
775 1056 871 1116 omnia
885 1055 979 1117 sidera
990 1071 1086 1141 partes
1101 1060 1181 1124 Jovis

104 1183 186 1236 esse,
200 1161 338 1224 otomnia
348 1160 464 1234 vivere,
480 1173 566 1241 atque
576 1161 727 1220 rationales
741 1162 849 1222 animas
861 1161 985 1236 hahere,
1000 1176 1029 1224 et
1042 1165 1110 1226 ideo
1120 1168 1183 1228 sine
1251 1211 1255 1219 -

103 1269 298 1328 controversia
312 1267 390 1326 Deos
412 1288 484 1328 esse.
505 1293 519 1319 »a
542 1264 582 1326 Et
598 1267 676 1348 apud
694 1266 835 1328 Stobaeum
856 1267 934 1330 Zeno
948 1270 989 1328 ait
1004 1293 1013 1328 a
1032 1296 1046 1324 α
1065 1271 1182 1348 Solem,

105 1375 232 1449 Lunam,
249 1387 280 1435 et
293 1374 406 1456 singula
423 1385 565 1436 astrorum
578 1373 718 1448 aliorum,
738 1395 801 1434 esse
822 1375 1047 1457 intelligentem,
1064 1380 1183 1460 sapien-

103 1496 164 1543 tem
179 1483 296 1564 igneum
313 1482 428 1562 ignem,
448 1492 583 1561 tanquam
605 1492 666 1540 arte
681 1493 869 1542 constantem.
895 1483 971 1542 dno.
991 1483 1076 1557 Hui,
1094 1486 1183 1548 intel-

102 1590 242 1672 ligentes,
265 1587 427 1670 sapientes?
442 1586 520 1648 ers.
535 1587 592 1648 Vel
608 1587 753 1662 maxime,
775 1600 804 1648 et
819 1607 906 1669 supra
925 1589 995 1650 alias
1011 1591 1182 1653 animantes.

107 1698 211 1756 Cicero
231 1694 283 1777 (ll
297 1696 341 1756 De
358 1695 426 1754 Nat.
444 1692 554 1777 Deor.)
574 1717 583 1752 ε
602 1693 731 1756 «Sidera
749 1694 903 1756 ethereum
921 1696 1017 1758 locum
1036 1697 1183 1774 obtinent,

105 1806 158 1885 qui
173 1803 310 1885 qnoniam
322 1803 506 1862 tenuissimus
526 1814 586 1876 est,
602 1814 632 1861 et
646 1822 761 1883 semper
775 1803 898 1885 agitator
911 1815 939 1864 et
952 1805 1030 1886 viget
1045 1829 1053 1864 c
1068 1827 1186 1868 necesse
1279 1805 1293 1824 '⁴

104 1923 169 1984 est,
189 1907 268 1991 quod
285 1908 393 1969 animal
407 1909 439 1968 in
457 1929 492 1969 eo
509 1908 661 1990 gignatur,
686 1906 765 1968 idem
787 1919 901 1990 quoqne
920 1930 1008 1970 sensu
1027 1905 1197 1985 acerrimo,¹

104 2032 135 2078 et
147 2018 308 2078 mobilitate
325 2015 474 2076 celerrima
492 2035 586 2078 esse.»
602 2014 678 2075 dun.
691 2013 770 2098 Ergo
782 2027 811 2076 et
821 2015 985 2076 Ammalia?
998 2017 1076 2079 ers.
1090 2018 1186 2101 Quip*

105 2126 169 2207 pini
188 2147 198 2183 a
215 2136 244 2184 et
263 2123 430 2196 rationalia,
446 2121 634 2196 immortalia,
656 2134 706 2182 aut
723 2135 802 2185 certe
820 2123 958 2206 longeva.
978 2123 1080 2206 Neque
1098 2128 1185 2188 nimis

104 2231 166 2290 lnce
181 2229 276 2290 rideas
289 2253 297 2288 s
309 2241 355 2290 est
372 2229 502 2289 invenire
519 2229 595 2288 inter
611 2229 751 2309 primores
761 2229 833 2298 ‚illos
847 2229 980 2306 Patmm,
993 2234 1043 2314 qui
1055 2233 1117 2294 istis
1127 2255 1186 2298 an.-

104 2346 241 2396 nnernnt.
252 2334 407 2416 Origenes,
421 2333 614 2395 doctrinarum
627 2321 762 2408 telmon,
774 2361 793 2390 -α
804 2334 894 2411 Solis,
908 2349 938 2397 et
947 2335 1052 2413 Lunae,
1066 2351 1096 2400 et
1111 2339 1186 2401 Stel·-
1219 2377 1224 2392 ·

103 2442 199 2501 larum
215 2441 326 2502 animas
337 2466 351 2494 a
365 2440 503 2522 agnoritz
519 2463 533 2492 α
544 2460 688 2519 nequeeo
699 2452 797 2500 tamen
812 2452 956 2522 tempore,
979 2465 1036 2525 quo
1056 2444 1184 2508 Mundus

103 2548 197 2610 lactus
209 2559 273 2622 est,
292 2568 355 2608 esse
372 2546 508 2628 coepisse,
524 2545 577 2606 sed
587 2557 742 2626 antequam
758 2546 857 2606 lucens
874 2546 945 2608 illud
962 2561 991 2608 et
1004 2550 1108 2612 ardens
1119 2571 1186 2612 cor*

102 2677 159 2738 pos
177 2656 317 2714 intrarent
328 2677 337 2712 r
351 2679 366 2706 s
383 2653 462 2734 quod
475 2653 670 2732 Hieronymus
687 2651 723 2712 de
737 2673 773 2712 co
785 2652 850 2734 plns
861 2652 984 2734 simplici
993 2657 1056 2716 rice
1066 2670 1185 2720 testatur

101 2762 219 2846 (Epist.
238 2783 289 2822 nix
303 2761 340 2822 nd
358 2757 497 2840 Avitum).
515 2757 554 2820 Et
564 2758 646 2819 Philo
655 2758 772 2820 Judaeus
786 2781 873 2840 quam
889 2779 964 2842 sape
984 2763 1025 2822 sic
1043 2762 1184 2826 Platonis-

101 2870 168 2930 sat?
179 2870 285 2930 Scribit
299 2868 367 2928 alibi
377 2864 429 2949 (de
439 2865 543 2948 Opilio.
556 2862 703 2949 Mcmdi)=
717 2891 732 2919 a
743 2865 844 2929 Stellas
854 2887 940 2928 sensu
950 2866 1098 2948 praeditas,
1109 2870 1185 2930 ima-
1260 2907 1263 2913 ·

101 2979 188 3060 gines
196 2976 308 3038 divinas
322 2988 352 3036 et
361 2974 576 3056 pulcherrimas.
588 2999 604 3026 a
613 2972 749 3055 Item(de
760 2970 883 3055 Insom.)
897 2997 905 3032 r
921 2999 935 3028 ιι
948 2973 1183 3056 Incorruptibiles

101 3097 136 3145 et
151 3083 325 3144 immortales
336 3083 476 3142 animas.»
492 3078 720 3162 Iterumque(de
734 3078 839 3161 opific.
855 3077 1001 3163 Mundi)=
1017 3082 1183 3144 «Animalia

102 3212 170 3252 esse
182 3191 326 3264 dicuntur,
342 3203 373 3250 et
386 3189 520 3249 animilia
530 3186 728 3269 intelligentia.
742 3187 835 3269 Magis
851 3199 946 3250 antem
957 3207 1183 3269 qnaeqneearnm

101 3299 193 3358 Mens
205 3310 265 3371 est,
282 3297 412 3377 undique
426 3307 456 3355 et
468 3294 585 3354 omnino
598 3295 691 3368 bona,
708 3306 737 3354 et
753 3295 846 3354 omnis
860 3295 927 3354 mali
940 3295 1102 3376 incapax.»
1117 3297 1182 3357 Non

103 3420 221 3477 tamen,
238 3416 272 3463 ut
286 3403 355 3463 alibi
368 3401 472 3461 latetur
482 3401 533 3484 (de
544 3399 680 3481 Pietate),
697 3401 745 3460 Dii
759 3413 839 3472 sunt;
852 3401 923 3461 seds
939 3427 953 3454 u
967 3399 1104 3461 Praesides
1115 3403 1183 3484 quin

101 3515 192 3585 dam,
214 3523 248 3570 nt
262 3512 302 3570 ita
324 3510 437 3581 dicam,
457 3506 660 3590 Sub-praelecti
677 3508 805 3567 omnium
822 3508 959 3588 parentis.
976 3533 990 3561 n
1009 3507 1181 3570 Posteriores

101 3619 200 3680 Judaei
220 3631 249 3677 et
266 3616 373 3676 Rabirii
388 3614 473 3684 talia,
489 3626 538 3673 aut
553 3614 692 3673 deteriora
701 3637 709 3683 ;
724 3635 797 3694 quos
814 3626 927 3673 secutus
948 3611 1065 3694 qnidam
1085 3627 1181 3675 nostro

102 3748 168 3787 aevo
187 3723 342 3784 Aminolia'
358 3722 482 3782 coekstio
504 3717 639 3779 audacter
655 3721 793 3794 assernit,
809 3733 838 3780 et
853 3722 947 3802 ipsum
961 3719 1099 3804 Mundum
1114 3723 1183 3782 ani·
1284 3715 1293 3730 '

102 3841 227 3896 mntem.
243 3829 332 3890 Nobis
342 3829 472 3887 modesta
484 3828 624 3888 smtentia
634 3825 747 3901 sedeat,
760 3849 823 3912 quae
837 3840 880 3886 est
891 3825 1099 3909 Theologorum
1111 3851 1120 3886 s
1132 3831 1182 3910 qui

101 3941 226 4003 Animas
237 3937 354 4018 quidem
366 3933 415 3994 aul
424 3936 518 4016 potins
534 3933 740 4018 Intelligentias
757 3933 922 4012 conjunctas
937 3931 1112 4004 attribuunt3
1131 3935 1183 3994 sed

101 4067 167 4107 non
178 4057 212 4104 nt
222 4048 278 4110 sido
289 4046 416 4115 οὐσιὼδη,
423 4039 540 4122 formas
553 4039 728 4109 essmtrirle's,
746 4053 799 4099 net
815 4060 877 4120 quae
890 4037 996 4099 iaciant
1009 4060 1098 4100 unnrn
1116 4063 1185 4101 cor-

102 4174 174 4238 pus.
194 4154 269 4214 dnn.
286 4151 316 4211 si
329 4164 425 4210 tamen
441 4151 481 4208 ita
494 4161 621 4222 vetem,
636 4149 694 4226 jam
709 4170 766 4206 non
781 4147 869 4206 miror
880 4147 1091 4207 Divinationem
1103 4149 1186 4209 astris

107 4261 269 4344 assignari,
282 4270 312 4318 et
325 4258 362 4318 ab
375 4258 410 4316 iis
423 4256 499 4338 peti,
512 4255 554 4314 sie
567 4253 681 4314 divinis.
697 4251 736 4312 Et
745 4253 848 4312 merito
859 4273 927 4313 sane
937 4254 1077 4338 Astrologi
1088 4253 1187 4315 Stoicis
