2950 4934
285 487 525 557 PHYSIOL.
551 488 799 560 STOICOR.
825 491 920 559 LIB.
946 494 975 559 1.
1098 495 1163 579 485

98 628 206 688 discere
219 631 250 687 in
263 640 343 689 tantu
357 633 493 713 temporis
508 634 654 715 egestate?
666 660 681 685 ιι
693 632 773 714 (Seu.
790 633 846 715 Ep.
864 633 983 716 xsvrn.)
996 635 1053 696 Nos
1071 651 1166 697 autem

98 757 160 794 eum
171 733 217 793 hie
228 736 347 817 insuper
356 735 504 813 bohemus,
518 739 658 800 Auditor:
671 742 738 820 quia
752 753 781 800 et
793 742 961 802 Aristotelea
974 743 1023 802 illu
1037 757 1167 804 accuratu

98 841 226 924 (logica)
240 844 380 903 imbutum
393 858 422 904 te
435 847 512 918 seio;
525 859 554 906 et
569 848 600 904 in
618 847 725 907 Stoicus
739 850 835 930 spinas
851 845 910 909 nori
928 851 1007 910 lubet
1023 874 1099 910 nunc
1121 852 1168 910 lu-

98 947 196 1028 gredi‚
212 969 302 1029 quum
322 951 352 1038 in
377 951 490 1009 tristitia
509 950 561 1010 hac
580 965 740 1034 temporum
760 955 874 1014 suavius
898 955 1013 1037 aliquod
1033 957 1168 1040 pabulum

98 1055 193 1113 animo
203 1055 375 1129 conveniat,
393 1056 548 1116 reficiendo
558 1068 588 1116 et
602 1058 748 1141 erigendo.

430 1255 752 1318 DISSERTATIO
781 1259 836 1328 ll.

98 1411 223 1491 Physica
232 1412 361 1471 laudum.
373 1403 699 1475 Neutrum'communem
708 1425 738 1475 et
746 1425 869 1479 nostram
880 1439 912 1476 eo
921 1417 1019 1478 nlicere
1028 1414 1171 1496 :fructum

522 1521 608 1580 etium
623 1522 750 1582 merium.

140 1699 394 1761 permutantem
406 1702 536 1776 suavius,
552 1703 715 1776 honestius,
727 1703 826 1764 utilius
836 1705 890 1765 isto
899 1703 1104 1784 Physieonm?
1115 1703 1173 1762 lla·

98 1819 163 1865 tura
178 1819 268 1867 totum
280 1810 375 1867 sinum
390 1829 473 1869 suum
489 1811 588 1884 offert,
606 1823 634 1870 et
651 1811 752 1893 pandit
765 1835 773 1870 r
788 1832 909 1893 supera,
925 1809 1039 1883 media,
1054 1809 1144 1870 infera
1160 1835 1172 1880 ς

98 1914 216 1987 caelum,
229 1927 333 1989 terras,
344 1917 441 1997 ignem
451 1960 459 1991 ,
471 1939 575 1998 aquus,
586 1939 651 1978 aera
660 1942 668 1990 ;
678 1917 820 2000 quidquid
831 1919 865 1977 iis
877 1919 1047 1992 continetur,
1055 1918 1148 1976 Deum
1159 1960 1167 1989 ,

99 2018 220 2093 Genios,
230 2017 389 2081 Homines?
398 2022 435 2081 ad
442 2022 501 2081 hec
507 2018 663 2103 spectanda
674 2036 703 2083 et
711 2024 857 2084 noscenda
867 2025 977 2084 invitat.
988 2023 1080 2098 Quem
1094 2023 1174 2087 enim

97 2125 187 2184 alium
196 2169 205 2199 ‚
213 2149 298 2207 quum
308 2139 352 2201 te,
360 2127 391 2188 id
402 2141 455 2203 est,
466 2129 640 2214 Hominem?
652 2158 665 2184 a
675 2130 739 2190 Non
749 2123 836 2191 liabet
846 2131 952 2190 Natura
963 2131 1038 2189 inter
1046 2129 1171 2188 maxima

96 2253 219 2312 opernm
232 2253 367 2306 suomn,
380 2256 437 2315 quo
450 2236 540 2317 magis
554 2237 704 2318 glorietur,
718 2250 767 2297 aut
777 2239 823 2297 cui
838 2237 972 2320 glorietur
985 2263 999 2288 ι
1013 2259 1021 2294 =
1035 2246 1068 2296 ut
1082 2229 1172 2294 scitis-

98 2337 173 2396 sime
186 2337 294 2398 Seneca
310 2338 385 2398 dixit
398 2337 456 2420 (de
470 2339 571 2400 Benel.
590 2363 633 2414 rv,
650 2365 713 2425 cap.
728 2341 790 2425 23).
803 2342 938 2402 Naturam
951 2341 1030 2414 dixi,
1047 2341 1173 2423 intelligo

99 2443 206 2501 Deum
220 2439 367 2524 Epictetus
381 2468 389 2503 ε
406 2472 419 2497 ιι
432 2446 511 2505 Dens
524 2444 668 2506 homiuem
682 2447 796 2507 induxit
810 2449 838 2506 in
854 2448 930 2507 hunc
945 2446 1106 2519 Mundum,
1124 2447 1173 2504 in-

98 2563 258 2630 spectorem
274 2563 302 2611 et
317 2551 454 2610 arbitrum
469 2553 533 2624 sui,
551 2564 636 2633 utque
652 2574 771 2634 operum
790 2575 905 2612 suorum
924 2576 932 2610 r
950 2573 1002 2611 uec
1017 2553 1107 2611 solum
1122 2554 1174 2610 in-

98 2669 279 2736 spectorem,
290 2657 339 2715 sed
354 2656 553 2717 enarratoiem.
567 2684 581 2710 ιι
594 2658 639 2717 Ita
649 2671 738 2717 certe.
753 2659 858 2739 Magna
869 2657 928 2716 liaee
940 2669 968 2716 et
981 2657 1174 2738 pulcherrimo

98 2762 210 2833 moles,
226 2774 268 2820 tot
281 2764 359 2822 rai-ia
369 2775 398 2821 et
412 2786 515 2846 magna
529 2785 581 2845 per
599 2785 788 2846 consparsa,
804 2762 927 2822 hominis
942 2783 1026 2822 causa
1040 2762 1171 2822 conditus

99 2869 188 2928 homo
199 2881 313 2942 nutem,
327 2881 359 2928 nt
369 2868 463 2928 Deum
474 2871 563 2943 norit,
577 2884 637 2929 tum
649 2883 678 2928 et
686 2871 740 2929 ista
752 2893 759 2940 ;
774 2897 787 2923 u
799 2870 843 2928 Ne
854 2881 931 2929 tantu
943 2871 1005 2948 ejus
1015 2891 1101 2952 opera
1111 2872 1173 2930 sine
1214 2915 1218 2924 .

100 2988 176 3034 teste
189 2975 256 3034 sint.
273 3001 287 3028 ιι
302 2974 382 3057 (Seu.
400 2974 437 3034 de
449 2975 510 3035 vit.
528 2974 610 3034 Beat.
628 2997 654 3033 c.
673 2972 738 3057 31.)
753 2974 856 3056 ltaque
871 2975 972 3034 invitat
986 2997 1039 3048 eo,
1054 2987 1085 3033 ut
1096 2974 1172 3047 dixi,

99 3095 190 3163 atque
205 3081 276 3141 adeo
290 3103 393 3162 corpus
407 3094 437 3140 ct
450 3081 578 3140 habiturn
591 3093 719 3140 nostrum
731 3080 787 3139 huc
798 3080 911 3140 direxit.
928 3108 942 3134 ιι
955 3080 1009 3140 llle
1020 3091 1096 3139 certe
1104 3082 1173 3139 vul-

101 3203 149 3248 tus
171 3200 282 3248 nostros
306 3189 397 3246 erexit
417 3187 448 3244 in
470 3187 588 3259 celum,
610 3165 638 3246 et
657 3185 798 3268 quidquid
813 3187 996 3268 magnifieum
1011 3188 1173 3267 mirumque

99 3295 227 3367 lecerat,
243 3293 334 3353 videri
351 3315 368 3352 n
384 3292 602 3373 suspicientibus
618 3291 718 3350 voluit.
738 3317 753 3344 ιι
771 3289 875 3374 (Epist.
894 3289 990 3372 xciv.)
1007 3291 1074 3374 lpse
1088 3293 1172 3352 etiam

100 3402 217 3460 animus
227 3423 261 3460 eo
276 3399 372 3472 ducit,
382 3419 471 3482 vagus
486 3410 605 3471 namra,
619 3410 649 3456 et
657 3398 793 3456 varietate
804 3419 841 3488 uc¹
852 3399 975 3456 novitate
985 3419 1080 3458 renim
1090 3398 1173 3458 laeris-

100 3508 204 3566 simus.
223 3505 276 3565 Ille
290 3506 320 3563 iu
335 3504 388 3564 hoe
403 3525 542 3584 corpore,
564 3501 688 3562 velutin
704 3503 832 3562 custodia
849 3504 961 3562 clausus
975 3546 986 3576 ,
1005 3505 1143 3584 premitur
1161 3529 1169 3562 ι

100 3613 161 3674 nisi
183 3611 389 3692 Contemplatio
408 3611 548 3681 necessit,
568 3635 582 3661 α
600 3607 669 3683 Quae
690 3609 770 3668 illum
794 3609 933 3689 respirare
949 3631 1043 3668 rerum
1060 3609 1173 3668 Natuue

100 3718 269 3801 spectaculo
280 3717 396 3796 jubeat,
419 3729 447 3774 et
467 3737 483 3774 e
505 3715 625 3774 terrenis
647 3713 771 3773 dimittat
790 3715 828 3774 ud
847 3713 954 3773 divina.
971 3713 1039 3772 Huc
1059 3713 1173 3772 libertus

101 3828 185 3905 ejus,
203 3824 262 3884 haee
276 3823 403 3905 evogntio
418 3834 480 3882 est:
495 3821 628 3881 subducit
643 3822 756 3881 interim
771 3843 802 3880 se
818 3820 946 3880 custodia
957 3864 965 3894 ,
978 3821 1008 3878 in
1026 3843 1082 3902 qua
1098 3833 1176 3880 tene·

101 3947 173 4003 tur,
189 3942 219 3989 et
238 3931 307 3988 celo
321 3929 456 3988 reficiun.
475 3954 489 3980 ιι
507 3924 621 4008 (Epist.
646 3925 738 4009 exv.)
760 3927 853 3999 Coelo,
869 3938 954 4006 atque
974 3926 1059 3986 etiam
1074 3939 1172 3985 terrae

100 4039 189 4116 eujus
205 4037 297 4096 incola
318 4048 383 4094 est:
398 4047 428 4094 et
446 4035 531 4093 totius
547 4032 648 4092 mundi
663 4034 754 4106 civis,
771 4054 853 4091 nosse
868 4033 989 4114 patriam
1004 4053 1084 4091 suant
1099 4046 1173 4092 aret.

100 4144 184 4219 Quid
200 4143 312 4203 incole?
326 4143 418 4202 immo
430 4140 558 4213 advena,
574 4153 603 4199 ct
616 4153 649 4199 ot
662 4142 692 4198 iu
706 4162 840 4221 magnum
855 4151 1025 4198 conventum
1041 4161 1073 4198 uc
1083 4161 1176 4220 pane-

100 4252 200 4334 gyrim
219 4252 270 4331 qui
290 4250 423 4322 veniunt,
440 4249 542 4329 partim
557 4259 676 4319 emunt,
699 4247 801 4326 partim
822 4246 965 4318 vendunt,
985 4247 1175 4306 honestissimi
