2950 4934
302 451 369 515 582
671 443 826 512 JUSTI
847 442 1010 514 LIPSII

299 591 360 650 lam
378 587 589 649 esse-omnium
612 587 745 648 Causam
763 615 777 642 n
802 589 875 651 Sunt
889 592 953 674 ipsa
974 592 1090 665 sarim
1114 593 1163 676 qui
1185 591 1340 656 Battum
1357 594 1387 652 in

301 697 356 761 bae
367 697 473 758 Anima
484 693 593 756 From
604 708 635 756 et
646 695 855 758 Necessitatem
869 700 955 760 etiam
970 701 1242 783 interpretabanmr.
1255 700 1388 762 Amarda

300 805 411 887 igitur,
438 804 480 862 sie
505 815 639 886 accepta,
666 802 721 863 sed
744 805 880 886 equibus
904 805 1089 868 subtilissime
1110 821 1314 892 argrrmentnm
1336 827 1386 888 pro

299 910 356 970 Dei
370 910 497 982 unitate,
516 921 615 969 eontra
629 906 759 970 Gentiles
781 912 925 972 Arnobius
941 913 1020 974 ducit
1033 914 1105 998 (tib.
1122 913 1191 998 111)
1206 940 1214 974 ε
1235 943 1251 968 α
1261 915 1299 974 In
1315 913 1385 972 Pbi-

300 1016 435 1097 losopbie
456 1017 657 1076 memorabiles
683 1016 779 1078 snsdio
795 1062 805 1092 ,
834 1021 998 1082 universam
1021 1023 1104 1086 istam
1132 1023 1238 1084 molem
1263 1020 1385 1090 Mundi,

301 1124 418 1185 Animal
439 1145 503 1184 esse
525 1145 643 1198 unum,
668 1125 803 1204 sapiens,
829 1127 1014 1204 rationabile,
1042 1131 1222 1205 eonssdtum,
1245 1129 1385 1212 probabdi

302 1230 514 1293 asseveratione
535 1229 677 1290 definiunt
693 1253 702 1288 e
719 1251 843 1311 qtsomm
865 1234 891 1298 si
911 1245 955 1292 est
976 1255 1064 1308 vera,
1087 1249 1116 1296 et
1134 1237 1310 1310 tixa‚ee1ta
1323 1256 1385 1292 sen-

302 1337 411 1409 tentia;
433 1338 518 1397 etiam
533 1336 577 1396 illi
593 1337 728 1398 continuo
745 1337 877 1398 desinent
891 1338 940 1400 Dii
962 1361 1046 1416 esse,
1063 1363 1134 1424 quos
1147 1343 1179 1402 iu
1197 1342 1260 1422 ejus
1273 1343 1385 1423 portio-

303 1445 389 1506 nibus
404 1443 631 1505 constituebatis.
643 1443 685 1504 Ut
703 1445 781 1505 euim
798 1442 884 1506 bomo
905 1469 981 1508 uuus
1004 1449 1121 1530 nequit,
1137 1461 1330 1530 permeante
1345 1450 1384 1506 sui

303 1553 431 1634 eorporis
445 1552 627 1634 integritate,
643 1552 674 1610 in
688 1549 820 1612 homines
832 1553 936 1614 multos
949 1554 1061 1628 scindi3
1072 1577 1167 1636 neque
1179 1554 1315 1616 homines
1327 1577 1384 1615 rur-

302 1681 352 1720 sus
367 1657 562 1720 multitudinis
575 1701 585 1735 ,
596 1658 753 1737 junctionis
767 1657 929 1720 differentia
944 1674 1110 1722 conservate
1120 1707 1129 1738 ,
1141 1663 1172 1722 in
1186 1663 1272 1722 nnius
1287 1684 1387 1722 senem

303 1767 516 1848 simplieitatem
532 1763 650 1826 conflari
669 1789 678 1824 e
694 1766 735 1826 ita
751 1765 774 1824 si
797 1765 925 1828 Mundus
941 1769 1049 1830 animal
1070 1784 1113 1830 est
1127 1792 1237 1843 unum,
1255 1782 1286 1830 et
1303 1772 1386 1828 unius

299 1873 407 1935 Mentis
426 1873 583 1956 agitatione
598 1884 723 1933 motatur
743 1915 752 1946 ,
770 1894 825 1934 uec
843 1874 874 1934 in
888 1873 973 1955 plura
985 1887 1079 1956 potest
1094 1877 1213 1936 numina
1227 1875 1383 1957 dissipem

304 2002 360 2042 nec
374 1980 399 2041 si
413 1983 476 2061 ejus
486 1980 631 2062 particula
640 1977 691 2038 Dii
699 1992 784 2054 sunt,
796 1980 827 2039 in
838 1981 924 2041 unius
933 1981 1084 2042 animantis
1099 1985 1315 2044 consistentiam
1326 1987 1386 2066 eogi

304 2099 390 2169 atque
405 2088 489 2147 verti.
505 2112 519 2140 ιι
535 2085 667 2157 Audisti3
681 2087 764 2166 jan,
780 2098 874 2147 tecum
889 2087 1075 2164 dannanus,
1088 2089 1141 2150 etsi
1154 2089 1303 2170 probabit
1314 2089 1384 2160 boe,

304 2215 371 2254 eum
386 2192 515 2254 brnobio
532 2215 541 2252 z
557 2194 627 2274 qnia
648 2204 779 2268 eertum
799 2192 926 2254 divinam
939 2193 1018 2256 illam
1030 2197 1090 2254 vim
1103 2217 1157 2278 per
1169 2216 1267 2256 omnes
1279 2195 1384 2255 Mundi

304 2311 401 2382 partes
412 2300 471 2374 ire,
484 2297 679 2374 attatum,
695 2299 748 2360 sed
762 2321 820 2360 non
835 2299 968 2370 Animam
980 2323 990 2362 a
1004 2313 1033 2362 et
1042 2299 1089 2372 bic
1101 2323 1199 2375 error,
1214 2300 1293 2382 quod
1304 2285 1386 2361 atrr-

305 2429 375 2466 num
395 2405 514 2468 illudet
536 2419 699 2482 secretum,
724 2430 791 2468 cum
816 2408 951 2488 perituris
971 2409 1150 2495 impurisque
1170 2409 1287 2474 unionis
1309 2431 1387 2468 nexu

306 2514 438 2574 miscent.
1003 2537 1006 2544 ·

639 2647 961 2787 nrsssarsmo
993 2673 1057 2755 tu:

307 2847 1391 2932 unmnmspnnmmtamamaomeffrae

348 3145 467 3206 term
478 3145 568 3227 igitur
579 3144 614 3203 iis
628 3142 757 3203 Mundus
770 3165 778 3214 ς
795 3143 876 3222 cujus
892 3139 955 3202 due
969 3161 1078 3222 magne
1092 3137 1207 3214 Partes,
1231 3139 1341 3200 celum
1358 3153 1385 3200 et

308 3253 408 3312 Terra.
426 3253 520 3313 varro
533 3252 572 3311 ita
589 3249 693 3311 dividit
707 3250 794 3324 scite,
812 3262 845 3308 ut
867 3250 987 3330 opinor,
1005 3269 1041 3308 ex
1056 3257 1152 3306 mente
1171 3259 1200 3306 et
1213 3267 1294 3306 more
1308 3247 1369 3308 Stoi

307 3381 417 3419 comm.
441 3359 618 3441 Augustinus
633 3356 713 3440 (vll
738 3355 784 3418 De
806 3357 869 3416 Civ.
882 3377 955 3438 rap.
979 3353 1042 3436 6)=
1063 3381 1077 3407 ιι
1098 3352 1238 3436 Adiungit
1253 3351 1389 3436 (vano)

308 3463 453 3526 Mundum
465 3463 556 3525 dividi
570 3465 601 3524 in
616 3465 688 3524 duas
698 3475 815 3546 partes,
834 3463 939 3522 Galum
955 3474 984 3522 et
997 3461 1115 3522 Terram
1128 3482 1137 3518 ε
1151 3473 1180 3520 et
1194 3459 1301 3520 Caelum
1314 3459 1388 3520 biia-

307 3571 400 3646 nam,
417 3571 448 3630 in
462 3569 595 3646 AEtbera‚
615 3583 644 3630 et
663 3571 738 3631 Aera
752 3593 760 3641 ς
775 3570 894 3630 Terram
911 3590 996 3643 sero,
1018 3569 1048 3628 in
1072 3567 1185 3650 Aquam
1199 3580 1228 3626 et
1242 3567 1386 3628 Eumtmt.

309 3675 336 3736 E
348 3677 454 3758 quibus
466 3699 611 3737 summum
625 3698 687 3738 esse
697 3675 834 3752 AEtbera‚
850 3675 1009 3736 seeundum
1021 3675 1115 3750 Aera,
1131 3675 1244 3735 tertiam
1255 3675 1387 3756 Aqrmm,

307 3783 436 3843 infimam
446 3783 575 3845 Terram.
592 3811 607 3838 o
621 3783 694 3845 Sunt
707 3785 825 3844 omnino
837 3783 949 3856 Stoiea;
965 3783 1015 3865 qui
1024 3783 1117 3865 primo
1128 3780 1298 3842 dividebant
1315 3781 1389 3842 Ele-

199 3966 202 3974 ι
309 3904 407 3950 menta
423 3917 437 3944 r
451 3892 482 3950 in
493 3890 617 3966 Gravia,
634 3903 662 3950 et
671 3889 770 3974 beria.
788 3887 876 3948 Levia
886 3890 1011 3964 sariunt,
1024 3888 1126 3972 Ignem
1137 3903 1166 3952 et
1174 3891 1290 3950 Aerem.
1308 3889 1389 3952 Gra-

308 3998 374 4072 via,
386 3998 499 4080 dquam
510 4010 540 4057 et
548 3998 677 4058 Terram.
690 3996 768 4058 Leve
777 4008 874 4058 autem
883 4017 962 4072 esse,
973 3996 1051 4079 quod
1059 4020 1077 4057 a
1085 3997 1180 4058 medio
1190 4019 1244 4058 suo
1253 3997 1387 4066 recedam

309 4101 422 4180 Grave,
438 4104 518 4187 quod
533 4103 659 4166 accedat.
676 4130 690 4158 o
705 4103 803 4187 (Stob.
820 4101 929 4186 Phys.)
943 4102 1049 4176 Ovidis,
1062 4106 1148 4168 etiam
1164 4104 1223 4166 bas
1240 4104 1359 4166 tributio
1376 4128 1385 4162 ε

477 4251 597 4312 Qatnu
607 4254 709 4300 eternus
720 4247 835 4315 genialia
847 4263 949 4318 empore
959 4247 1065 4301 muudus
