2950 4934
327 433 396 502 556
691 431 843 500 JUSTl
867 430 1028 498 LlPSIl

326 577 426 659 atquin
445 575 477 636 id
495 577 591 657 ips'um
609 574 732 635 Materia
747 576 795 634 sit.
811 573 884 634 Nam
900 573 973 635 illud
991 575 1147 634 Democriti
1168 570 1289 634 effatuln
1303 594 1399 634 omnes

326 693 521 764 mepenmt:
539 708 554 735 a
568 680 646 741 Nihil
659 701 697 740 ex
709 679 801 740 nihilo
815 682 913 763 gigni,
930 681 1002 740 nihil
1013 683 1046 740 in
1064 681 1187 740 nihilum
1201 683 1320 740 reverti
1335 707 1349 732 ι
1366 681 1400 740 Et

328 802 440 861 umen,
454 787 534 870 qnod
547 789 667 861 mirere,
682 787 791 847 Senem
804 784 937 860 dubitat,
952 809 989 845 an
1005 787 1083 846 Deus
1094 787 1223 846 Materte
1234 799 1345 846 auctor.
1359 788 1398 845 lta

325 898 404 957 enim
419 897 450 955 iu
472 895 680 971 Quartionihus
699 893 883 954 flaturalibus
906 917 914 951 ι
942 919 956 947 ι
975 893 1067 968 Quam
1088 894 1161 954 utile
1183 895 1333 952 existimas
1348 895 1399 951 ista

324 995 496 1086 cognoscere
506 1003 777 1063 etrebuastenninos
790 1002 920 1084 ponere?
934 1015 1073 1084 quantum
1086 1003 1166 1062 Deus
1178 1003 1289 1084 possit?
1303 1001 1398 1061 Mate-

325 1110 399 1169 riam
412 1111 476 1191 ipsu
487 1109 543 1168 sibi
557 1109 661 1169 tornet
674 1133 683 1179 ;
696 1129 734 1168 an
749 1108 815 1168 data
829 1109 948 1169 uuam?
961 1135 976 1162 »
989 1110 1207 1182 nabitaturus,
1223 1108 1301 1191 quod
1316 1109 1399 1168 ctut-

325 1217 432 1276 atianos
450 1216 590 1298 quosdam
602 1238 662 1276 non
676 1215 866 1296 est'puditnm
880 1229 979 1276 coutm
992 1215 1153 1289 affirmare,
1171 1228 1202 1275 et
1217 1239 1284 1274 cum
1299 1216 1398 1296 priscis

325 1323 476 1384 Materiam
485 1335 632 1384 aetemare.
650 1323 675 1382 li
688 1322 769 1384 fuere
780 1322 909 1384 Mmion
921 1336 950 1384 et
961 1324 1159 1406 Hermogenes
1172 1321 1297 1382 heretici
1309 1363 1318 1394 ‚
1331 1343 1398 1402 quos

325 1429 508 1490 Moten'unus
522 1429 588 1488 ideo
600 1429 794 1490 Tertullianus
805 1429 940 1510 appellat.
953 1429 1011 1491 Sed
1021 1430 1130 1490 Seneca
1143 1429 1195 1488 etsi
1206 1428 1331 1502 dubitat,
1344 1449 1398 1486 nou

325 1549 421 1596 tamen
434 1550 468 1596 ut
480 1535 611 1609 Stoicus,
626 1558 749 1616 quorum
762 1549 933 1618 perpetuum
948 1536 1001 1598 hoc
1016 1537 1139 1618 dogma,
1155 1549 1188 1596 ut
1198 1535 1257 1595 fem
1269 1535 1399 1616 philoso-

326 1642 458 1724 phorum.
466 1641 545 1718 Quos
553 1641 679 1702 refutant
687 1641 765 1723 apud
774 1641 930 1702 Eusebium
939 1640 1007 1726 (lib.
1019 1643 1094 1716 vll,
1106 1644 1257 1724 Praeparat.
1270 1639 1398 1726 Evang.)

326 1751 497 1832 Dionysius,
509 1749 665 1832 Origenes,
680 1748 776 1823 Philo,
790 1749 935 1812 Maximus
949 1773 958 1808 =
970 1750 1163 1811 Tertullianus
1173 1749 1308 1832 (Advers.
1324 1750 1398 1809 Her»

325 1880 403 1940 mog.
413 1857 466 1916 lib.
480 1857 528 1929 Π,
544 1878 608 1938 cup.
619 1855 658 1940 9)
670 1899 680 1929 ‚
693 1856 914 1930 etLactantius,
930 1868 959 1917 et
968 1855 1063 1914 Latini
1072 1856 1161 1918 nostri
1171 1855 1285 1936 passim.
1300 1853 1398 1912 AEter-

274 1977 285 1994 “
326 1987 393 2026 nam
408 1966 495 2047 igitur
508 1975 637 2023 stamunt
651 1985 660 2020 ε
676 1962 729 2023 red
749 1964 829 2023 illam
846 1963 972 2021 Primam
993 1974 1022 2022 et
1036 1963 1235 2022 Communem.
1255 1961 1299 2020 lta
1323 1961 1397 2019 enim

327 2069 456 2131 laertius
466 2091 529 2129 eam
539 2069 688 2150 distinguit
699 2091 708 2126 ε
725 2093 739 2122 α
753 2068 905 2149 Duplicem
917 2089 995 2143 mse,
1006 2069 1134 2128 omnium
1146 2080 1174 2128 et
1183 2067 1376 2149 Singidunum.
1383 2091 1395 2115 ι

326 2177 381 2236 llla
392 2175 549 2246 Omnium,
563 2187 606 2234 est
619 2174 678 2234 hnc
692 2173 875 2245 Prima3'llla
886 2173 1067 2256 Singulorum
1080 2215 1088 2247 ,
1101 2187 1145 2233 est
1159 2171 1356 2243 secundaria,
1369 2173 1396 2228 iu

327 2283 385 2342 tale
395 2303 429 2341 ac
438 2282 496 2341 tale
509 2303 612 2362 corpus
623 2281 754 2346 formata.
771 2280 845 2354 Quia
856 2281 942 2362 igitur
955 2281 1005 2339 illa
1019 2280 1113 2340 Prima
1125 2292 1245 2352 aeterna,
1259 2276 1394 2337 additur:

330 2415 345 2443 ι
361 2389 461 2470 Neque
476 2383 622 2462 erescere,
638 2409 733 2469 neque
747 2387 921 2447 decrescens.
943 2413 957 2440 u
974 2385 1035 2446 Etsi
1052 2389 1129 2446 enim
1145 2386 1274 2446 diffusior
1287 2397 1340 2444 aut
1353 2407 1396 2444 ra·

328 2497 387 2556 rior
399 2497 461 2556 tieri
469 2502 581 2577 potest,
593 2497 667 2555 utin
678 2492 817 2575 Eepyrosi
829 2517 917 2576 quum
928 2494 1059 2554 Vacuum
1071 2515 1156 2553 omne
1167 2495 1287 2574 impleta
1302 2505 1395 2550 tamen

328 2605 391 2684 ipsa
407 2624 464 2662 nou
475 2604 593 2676 ureseit,
606 2615 635 2662 et
645 2603 774 2662 extensio
788 2603 818 2660 in
829 2601 914 2662 modo
930 2614 972 2660 est
983 2645 991 2676 ,
1004 2623 1062 2660 non
1077 2602 1106 2660 in
1123 2601 1243 2660 mentia
1256 2621 1396 2680 augmen-

327 2723 399 2772 tum.
416 2711 493 2771 Zeno
512 2709 572 2793 (lu
585 2710 664 2771 Stob.
681 2707 792 2790 Phys.)
807 2731 816 2766 a
836 2735 850 2762 a
867 2709 949 2768 Illam
964 2719 1098 2768 aeternam
1111 2751 1120 2782 ,
1148 2728 1243 2788 neque
1262 2711 1395 2785 majorem

329 2841 424 2901 neque
432 2819 572 2878 minorem
583 2817 644 2876 fieri
657 2839 665 2874 ι
680 2827 709 2874 at
720 2815 889 2896 partes'ejus
900 2836 958 2875 non
969 2813 1084 2874 easdem
1097 2835 1233 2886 manere,
1247 2812 1297 2872 sed
1312 2835 1397 2892 sepa-

329 2927 403 2998 rari,
413 2924 660 2985 etuommisceri.»
672 2922 820 3003 Septimii,
832 2943 922 3001 quum
933 2921 1063 2980 interitus
1077 2942 1084 2990 ;
1097 2919 1230 2990 misceri,
1246 2920 1295 2977 ubi
1310 2939 1397 3000 gene·-

329 3034 401 3091 ratio
410 3030 615 3091 oonsideratur.
629 3029 703 3088 Nam
713 3040 805 3088 totum
814 3025 869 3086 hoo
881 3028 960 3086 nasci
972 3040 1021 3087 aut
1031 3028 1125 3109 perire
1138 3071 1147 3100 ,
1159 3025 1231 3107 quid
1240 3027 1296 3084 nisi
1306 3024 1397 3084 [orins

329 3137 401 3196 alius
417 3152 502 3218 atque
515 3139 587 3198 alim
601 3136 728 3196 inductio
742 3148 805 3210 est,
830 3133 952 3195 Materia
968 3135 1058 3214 prima
1080 3132 1288 3215 permanente?
1304 3130 1397 3190 Philo-

330 3243 484 3324 sophorum
498 3244 602 3304 scholis
617 3244 675 3303 lino
690 3243 859 3316 decantata,
871 3240 924 3301 sed
937 3241 1104 3301 etversibus
1116 3253 1279 3321 puetarum.
1293 3237 1399 3319 Pytha-

332 3371 415 3432 goras
428 3351 506 3431 apud
521 3351 657 3410 Ovidium
674 3374 684 3410 τ

492 3484 542 3531 Nec
555 3483 618 3550 perit
628 3483 655 3531 in
666 3488 734 3531 tanto
746 3480 900 3548 quidquam,
912 3477 973 3528 mibi
984 3477 1090 3540 creditu,
1104 3477 1216 3540 mundo,

494 3571 546 3623 sed
556 3573 632 3621 variat
643 3608 651 3633 ‚
663 3571 799 3639 faciemque
811 3575 901 3630 norat3
914 3569 1028 3638 nascique
1040 3577 1140 3620 vocatur

496 3663 603 3731 Incipere
615 3662 761 3724 esss'aliud,
775 3678 850 3730 quam
862 3657 931 3728 quod
943 3657 989 3710 luit
999 3667 1054 3710 aute
1066 3682 1074 3724 ς
1087 3662 1217 3731 morique,

494 3757 606 3808 naama
617 3754 681 3806 illud
691 3754 766 3804 uem.
792 3754 847 3822 (xv
859 3751 1031 3822 neumorpu.)

335 3878 420 3938 Poeta
434 3876 507 3936 aliur
524 3897 533 3933 a

495 4007 567 4058 (ledit
579 4008 645 4056 enim
655 4023 737 4056 rernm
748 4007 856 4056 novitate
864 4012 961 4057 exuuuu
972 4011 1077 4054 vetustas

495 4101 596 4166 Semper
606 4133 614 4160 ‚
627 4105 653 4147 et
663 4115 694 4147 ex
704 4097 758 4147 aliis
770 4096 838 4147 aliud
849 4115 958 4167 reparare
971 4112 1096 4146 mcesmm
1107 4101 1143 4145 ost
1153 4131 1161 4156 ‚

499 4192 549 4241 ltee
561 4187 697 4258 quidquam
707 4191 735 4240 iu
747 4188 888 4240 barathrum
901 4206 946 4242 uuo
957 4190 1054 4240 Tartara
1065 4186 1157 4240 decidit
1169 4187 1228 4238 ima.
1243 4187 1383 4256 (lunum.)
