2950 4934
266 409 515 492 PHYSIOL.
542 409 801 482 STOICOR.
821 410 924 494 ΜΒ.
950 414 1005 481 11.
1111 417 1177 485 583

265 553 869 624 conmexsstimuomntonemmoqn

263 644 373 696 Pondere
383 647 409 696 in
421 645 540 706 inferius,
553 644 635 696 'l'cllm
644 650 719 713 atque
730 643 819 708 Unda,
829 643 948 697 seruntur.

265 739 297 788 et
308 735 412 788 totidem
423 738 545 805 gravitate
557 743 641 788 carent
652 737 769 806 nulloque
783 743 907 807 premente

262 829 318 880 sta
329 836 429 899 petunt,
444 831 491 878 Aer
502 836 576 899 atque
586 847 640 878 nere
651 830 736 898 purior
747 830 820 898 lgnia.

102 951 183 1010 Clara
199 949 273 1020 ista,
289 968 384 1028 neque
399 968 483 1009 voces
498 960 657 1020 morentur,
675 946 755 1010 haud
776 949 905 1030 vulgaria
919 950 1036 1010 omnino
1054 973 1181 1034 usurpa·
1311 950 1316 956 ’

100 1057 176 1114 tione
196 1053 228 1111 in
248 1051 390 1112 Vannne.
415 1053 488 1112 Nam
505 1050 613 1112 Cotem
628 1075 680 1134 pro
694 1051 782 1123 Am,
807 1053 876 1114 clim
891 1066 921 1114 et
935 1054 1036 1135 priscis
1050 1055 1179 1118 dietumr

100 1159 229 1222 Hebraeis
253 1158 389 1243 quidem,
411 1171 444 1218 ut
457 1157 543 1236 Sacm
559 1157 683 1230 docent;
705 1157 836 1232 Latinis,
853 1159 1000 1246 utullarro
1016 1161 1094 1224 idem
1114 1163 1182 1224 alibi

99 1277 188 1324 notat.
206 1291 221 1318 c
238 1263 364 1338 Culum,
381 1264 496 1345 inquit,
514 1262 667 1346 dupliciter
683 1263 799 1339 dicitur,
818 1277 846 1326 et
861 1285 1027 1346 supremum
1041 1267 1113 1328 illud
1129 1269 1181 1328 ubi

101 1371 186 1431 stellae
200 1394 209 1443 ;
227 1384 256 1430 ct
268 1369 323 1430 hoc
342 1381 455 1445 totum,
472 1371 550 1452 quod
566 1371 721 1452 complexu
735 1372 863 1435 eontinet
876 1385 981 1436 terram
992 1399 1006 1426 r
1019 1375 1122 1455 ‚quod
1138 1388 1182 1436 est

102 1481 214 1540 scilicet
227 1479 294 1540 Aer.
311 1478 458 1540 Lucretius
472 1478 543 1561 (lib.
560 1478 621 1561 lv)
637 1503 646 1538 s

264 1609 863 1680 mmnmnnnoeeaen‚qnnnnraer.

103 1710 219 1770 Servius
233 1710 307 1771 illud
319 1711 437 1794 Virgilii

273 1827 916 1898 ....llaris‚aetems‚celumqocproi1mdnm:

103 1967 155 2026 pro
170 1948 247 2006 Aere
264 1946 387 2026 accipit,
405 1972 419 1999 a
433 1967 500 2007 nam
512 1945 622 2020 AEther,
638 1947 753 2028 inquit,
770 1948 914 2007 immotus.
936 1973 949 2002 o
971 1947 1081 2009 Plinius
1098 1973 1183 2032 aper-

103 2054 212 2112 tissime
229 2075 238 2110 s
256 2078 271 2105 a
287 2051 418 2133 Namque
434 2065 463 2112 et
477 2051 531 2111 hoc
550 2052 656 2112 Caehrm
671 2053 854 2134 appellavere
869 2055 1010 2136 majorca,
1029 2056 1107 2137 quod
1126 2057 1182 2117 alio

103 2161 220 2219 nomine
234 2159 318 2219 Aera.
340 2183 355 2210 a
379 2159 471 2218 Immo
495 2170 524 2218 et
538 2157 659 2219 AEtlrero
682 2157 792 2234 Greci,
811 2181 863 2242 pm
887 2161 982 2238 Aere,
999 2163 1183 2224 consimiliter

105 2267 191 2326 etiam
214 2265 325 2328 dicunt.
349 2263 477 2338 Omitto,
502 2266 532 2324 in
549 2287 581 2325 re
598 2267 761 2349 pergamus.
785 2267 913 2342 Quattuor
937 2270 1024 2351 igitur
1044 2271 1097 2330 ista
1111 2267 1184 2332 Ele-

105 2384 201 2434 menta
225 2373 479 2456 sunt‚Pnnc1'pes
500 2371 662 2453 Qoottotes
682 2371 741 2454 (ita
759 2374 863 2434 Cicero
878 2375 1005 2458 appellat
1025 2377 1182 2460 Irlcad.)‚

106 2481 165 2539 sive
179 2501 317 2562 corpora,
334 2479 421 2558 liujus
434 2478 547 2538 mundi.
570 2478 671 2555 Quare
685 2480 859 2567 Principes?
876 2485 943 2564 quia
959 2479 1110 2546 Elementa
1130 2485 1184 2545 hoc

107 2588 259 2661 convenit,
283 2599 313 2647 et
336 2587 464 2648 definitio
486 2587 547 2666 ejus
574 2586 668 2656 Stoica
690 2585 852 2679 inLacrtio
873 2611 882 2647 s
901 2615 915 2643 a
934 2587 1134 2668 Elementum,
1148 2615 1184 2653 ex

106 2717 163 2774 quo
178 2695 273 2776 primo
289 2694 463 2774 liunt„qnae
483 2700 573 2752 snnt':
589 2707 618 2760 et
638 2694 669 2752 in
683 2693 762 2781 qnod
774 2706 942 2755 'extremm
959 2697 1150 2766 resolvuntur.
1168 2725 1182 2753 o

108 2801 212 2875 Fiunt,
237 2822 343 2883 nempe
363 2801 424 2860 haec
445 2801 558 2860 minora
578 2813 607 2859 et
631 2799 817 2861 multiformia
842 2823 962 2884 corpora
983 2827 992 2861 s
1018 2803 1125 2886 alioqui
1149 2829 1186 2866 ex

109 2907 260 2988 Principiis
278 2908 379 2988 primis
400 2889 643 2988 ipsa-Elementa.
663 2905 721 2978 set
736 2905 774 2969 de
791 2907 960 2991 Compositis
985 2912 1185 2993 accipiendum

109 3026 171 3088 est,
187 3012 339 3075 Elementa
359 3025 426 3074 sunt
447 3013 597 3096 simplicia.
616 3013 745 3090 Qontoor
766 3037 801 3075 ea
822 3015 1037 3078 cousensulere
1058 3032 1180 3101 ponunt.

108 3118 146 3180 Et
167 3121 244 3180 bene
267 3119 376 3180 Plinius
398 3144 407 3178 s
431 3147 445 3173 a
468 3120 529 3181 Nec
551 3118 589 3179 (le
611 3117 771 3190 Elementis
792 3122 877 3182 video
901 3123 1042 3200 dubitari,
1066 3138 1187 3208 quatum

109 3249 143 3296 ea
156 3249 257 3298 esser
281 3226 377 3302 Quare
396 3227 471 3299 sint,
495 3225 621 3286 Platonis
638 3227 760 3309 pulchra
781 3230 969 3290 consideratio
995 3245 1056 3305 est,
1082 3234 1113 3293 in
1127 3233 1185 3293 Τί-

110 3356 190 3394 maeo.
215 3361 230 3389 a
250 3333 350 3394 nivini
371 3332 481 3394 decoris
501 3333 573 3394 ratio
592 3333 776 3415 postulabat,
802 3335 895 3418 inquit
915 3333 972 3418 (ex
996 3337 1089 3400 Macr.
1116 3339 1132 3397 l
1153 3340 1184 3402 iu

110 3441 210 3501 Somn.
228 3437 328 3523 Scip.)
347 3441 434 3502 talem
455 3441 519 3501 lieri
541 3439 706 3514 Mundum,
728 3443 830 3523 quiet
852 3443 956 3506 Visum
978 3458 1132 3527 pateretur,
1158 3459 1195 3508 et·

111 3547 243 3607 Tectum.
256 3526 410 3607 Constabat
423 3559 518 3606 autem
528 3568 622 3628 neque
634 3545 727 3608 rideri
743 3548 852 3631 aliquid
864 3552 1026 3632 possesine
1037 3552 1117 3636 Ignis
1132 3547 1186 3614 be-

111 3653 214 3715 neficio
223 3675 344 3735 „neque
358 3654 437 3736 tangi
452 3653 514 3713 sine
529 3653 639 3728 solido,
658 3666 687 3714 et
701 3657 824 3716 solidum
843 3656 915 3717 nrlril
929 3679 991 3719 csse
1007 3659 1069 3719 sine
1083 3661 1183 3722 Terra.

112 3760 199 3822 Unde
220 3759 328 3820 Mundi
343 3782 427 3821 omne
443 3782 545 3841 corpus
567 3761 604 3821 de
624 3759 690 3844 lgni
710 3774 739 3822 ct
755 3763 845 3824 Terra
863 3765 1012 3827 instituere
1034 3761 1205 3830 fabricator

115 3868 272 3948 incipiens,
292 3866 365 3926 vidit
382 3865 439 3927 duo
457 3867 610 3928 convenire
626 3869 688 3928 sine
706 3869 801 3930 medio
823 3871 974 3954 colligante
993 3897 1051 3934 nou
1072 3899 1185 3958 posse-(r

115 3987 144 4033 et
155 3974 211 4033 lroc
224 3995 286 4034 esse
299 3975 438 4055 optimum
451 3974 618 4051 vinculum,
632 3976 710 4057 qnod
724 3990 753 4036 et
769 3999 799 4036 se
810 3979 931 4059 pariter,
950 3993 978 4040 et
991 4005 1008 4041 a
1027 4004 1058 4041 se
1071 3983 1188 4066 liganda

117 4080 366 4142 devinciatdnde
383 4079 486 4142 Aerem
507 4095 535 4142 et
557 4081 669 4164 Aquam
693 4085 769 4144 inter
793 4084 895 4168 Ignem
920 4087 1095 4172 Terramque
1116 4115 1187 4152 con-

117 4189 230 4250 texuit:
249 4190 331 4250 etita
349 4211 400 4269 per
415 4190 510 4250 omnia
531 4212 589 4252 una
608 4202 637 4251 et
652 4191 707 4262 sibi
726 4193 899 4254 couveniens
912 4197 1044 4278 jugabilis
1066 4221 1188 4280 compe-
