<?xml version="1.0" encoding="UTF-8"?>
<!DOCTYPE html PUBLIC "-//W3C//DTD XHTML 1.0 Transitional//EN"
    "http://www.w3.org/TR/xhtml1/DTD/xhtml1-transitional.dtd">
<html xmlns="http://www.w3.org/1999/xhtml" xml:lang="en" lang="en">
 <head>
  <title>
</title>
<meta http-equiv="Content-Type" content="text/html;charset=utf-8" />
  <meta name='ocr-system' content='tesseract 3.04.00' />
  <meta name='ocr-capabilities' content='ocr_page ocr_carea ocr_par ocr_line ocrx_word'/>
</head>
<body>
  <div class='ocr_page' id='page_1' title='image "./lannsenecparspr04bouigoog_0174.png"; bbox 0 0 2950 4934; ppageno 0'>
   <div class='ocr_carea' id='block_1_1' title="bbox 299 436 1167 545">
    <p class='ocr_par' dir='ltr' id='par_1_1' title="bbox 299 436 1167 545">
     <span class='ocr_line' id='line_1_1' title="bbox 299 436 1167 545; baseline 0 0"><span class='ocrx_word' id='word_1_1' title='bbox 299 479 359 545; x_wconf 76' lang='lat'>162</span> <span class='ocrx_word' id='word_1_2' title='bbox 583 472 1072 545; x_wconf 75' lang='lat' dir='ltr'>n.ann1s1snnncn</span> <span class='ocrx_word' id='word_1_3' title='bbox 1164 436 1167 444; x_wconf 67' lang='grc'><strong>’</strong></span> 
     </span>
    </p>
   </div>
   <div class='ocr_carea' id='block_1_2' title="bbox 251 603 1386 2326">
    <p class='ocr_par' dir='ltr' id='par_1_2' title="bbox 251 603 1386 2326">
     <span class='ocr_line' id='line_1_2' title="bbox 296 603 1365 700; baseline -0.002 -27"><span class='ocrx_word' id='word_1_4' title='bbox 296 607 456 700; x_wconf 72' lang='lat' dir='ltr'>gratiam,</span> <span class='ocrx_word' id='word_1_5' title='bbox 479 619 512 672; x_wconf 89' lang='lat' dir='ltr'>et</span> <span class='ocrx_word' id='word_1_6' title='bbox 530 619 580 670; x_wconf 87' lang='lat' dir='ltr'>est</span> <span class='ocrx_word' id='word_1_7' title='bbox 604 603 709 670; x_wconf 89' lang='lat' dir='ltr'>decor</span> <span class='ocrx_word' id='word_1_8' title='bbox 729 605 890 698; x_wconf 89' lang='lat' dir='ltr'>proprius</span> <span class='ocrx_word' id='word_1_9' title='bbox 904 608 1068 674; x_wconf 89' lang='lat' dir='ltr'>orationis</span> <span class='ocrx_word' id='word_1_10' title='bbox 1084 608 1209 675; x_wconf 85' lang='lat' dir='ltr'>leniter</span> <span class='ocrx_word' id='word_1_11' title='bbox 1230 606 1365 700; x_wconf 68' lang='lat' dir='ltr'>&#39;lapsa-</span> 
     </span>
     <span class='ocr_line' id='line_1_3' title="bbox 293 721 1368 804; baseline -0.003 -14"><span class='ocrx_word' id='word_1_12' title='bbox 293 722 438 792; x_wconf 88' lang='lat' dir='ltr'>Multum</span> <span class='ocrx_word' id='word_1_13' title='bbox 464 721 556 789; x_wconf 91' lang='lat' dir='ltr'>enim</span> <span class='ocrx_word' id='word_1_14' title='bbox 585 721 750 788; x_wconf 78' lang='lat' dir='ltr'>interesse</span> <span class='ocrx_word' id='word_1_15' title='bbox 773 721 946 804; x_wconf 83' lang='lat' dir='ltr'>existimo,</span> <span class='ocrx_word' id='word_1_16' title='bbox 973 738 1085 792; x_wconf 86' lang='lat' dir='ltr'>utrum</span> <span class='ocrx_word' id='word_1_17' title='bbox 1109 723 1295 802; x_wconf 80' lang='lat' dir='ltr'>exciderit,</span> <span class='ocrx_word' id='word_1_18' title='bbox 1321 745 1368 788; x_wconf 88' lang='lat' dir='ltr'>an</span> 
     </span>
     <span class='ocr_line' id='line_1_4' title="bbox 294 836 1366 930; baseline -0.003 -23"><span class='ocrx_word' id='word_1_19' title='bbox 294 839 442 907; x_wconf 79' lang='lat' dir='ltr'>fluxerit.</span> <span class='ocrx_word' id='word_1_20' title='bbox 469 841 570 904; x_wconf 86' lang='lat' dir='ltr'>Nunc</span> <span class='ocrx_word' id='word_1_21' title='bbox 588 836 624 902; x_wconf 92' lang='lat' dir='ltr'>in</span> <span class='ocrx_word' id='word_1_22' title='bbox 646 836 711 904; x_wconf 90' lang='lat' dir='ltr'>boc</span> <span class='ocrx_word' id='word_1_23' title='bbox 728 860 887 928; x_wconf 87' lang='lat' dir='ltr'>quoque,</span> <span class='ocrx_word' id='word_1_24' title='bbox 907 839 1000 930; x_wconf 90' lang='lat' dir='ltr'>quod</span> <span class='ocrx_word' id='word_1_25' title='bbox 1019 840 1172 909; x_wconf 90' lang='lat' dir='ltr'>dicturus</span> <span class='ocrx_word' id='word_1_26' title='bbox 1188 864 1285 920; x_wconf 93' lang='lat' dir='ltr'>sum,</span> <span class='ocrx_word' id='word_1_27' title='bbox 1306 839 1366 904; x_wconf 93' lang='lat' dir='ltr'>in-</span> 
     </span>
     <span class='ocr_line' id='line_1_5' title="bbox 251 950 1366 1049; baseline -0.004 -27"><span class='ocrx_word' id='word_1_28' title='bbox 251 987 266 1021; x_wconf 76' lang='lat' dir='ltr'>e</span> <span class='ocrx_word' id='word_1_29' title='bbox 294 977 377 1049; x_wconf 80' lang='lat' dir='ltr'>gens</span> <span class='ocrx_word' id='word_1_30' title='bbox 398 952 592 1020; x_wconf 82' lang='lat' dir='ltr'>differentia</span> <span class='ocrx_word' id='word_1_31' title='bbox 617 968 680 1020; x_wconf 89' lang='lat' dir='ltr'>est.</span> <span class='ocrx_word' id='word_1_32' title='bbox 709 952 880 1021; x_wconf 75' lang='lat' dir='ltr'>Fabianus</span> <span class='ocrx_word' id='word_1_33' title='bbox 898 956 980 1024; x_wconf 91' lang='lat' dir='ltr'>mibi</span> <span class='ocrx_word' id='word_1_34' title='bbox 1005 981 1072 1025; x_wconf 90' lang='lat' dir='ltr'>nou</span> <span class='ocrx_word' id='word_1_35' title='bbox 1090 955 1287 1025; x_wconf 78' lang='lat' dir='ltr'>effundere²</span> <span class='ocrx_word' id='word_1_36' title='bbox 1307 950 1366 1018; x_wconf 86' lang='lat' dir='ltr'>vi-</span> 
     </span>
     <span class='ocr_line' id='line_1_6' title="bbox 293 1068 1367 1166; baseline -0.003 -27"><span class='ocrx_word' id='word_1_37' title='bbox 293 1070 394 1139; x_wconf 89' lang='lat' dir='ltr'>detur</span> <span class='ocrx_word' id='word_1_38' title='bbox 410 1071 622 1152; x_wconf 88' lang='lat' dir='ltr'>orationem,</span> <span class='ocrx_word' id='word_1_39' title='bbox 646 1068 705 1136; x_wconf 88' lang='lat' dir='ltr'>sed</span> <span class='ocrx_word' id='word_1_40' title='bbox 725 1070 870 1138; x_wconf 86' lang='lat' dir='ltr'>fundere</span> <span class='ocrx_word' id='word_1_41' title='bbox 893 1099 900 1136; x_wconf 91' lang='lat'>:</span> <span class='ocrx_word' id='word_1_42' title='bbox 921 1071 1007 1140; x_wconf 88' lang='lat' dir='ltr'>adeo</span> <span class='ocrx_word' id='word_1_43' title='bbox 1031 1074 1126 1166; x_wconf 82' lang='lat' dir='ltr'>larga</span> <span class='ocrx_word' id='word_1_44' title='bbox 1146 1089 1216 1157; x_wconf 71' lang='lat' dir='ltr'>est,</span> <span class='ocrx_word' id='word_1_45' title='bbox 1240 1089 1276 1139; x_wconf 90' lang='lat' dir='ltr'>et</span> <span class='ocrx_word' id='word_1_46' title='bbox 1292 1073 1367 1137; x_wconf 86' lang='lat' dir='ltr'>sine</span> 
     </span>
     <span class='ocr_line' id='line_1_7' title="bbox 293 1183 1386 1284; baseline -0.003 -28"><span class='ocrx_word' id='word_1_47' title='bbox 293 1188 573 1284; x_wconf 80' lang='lat' dir='ltr'>perturbatione,</span> <span class='ocrx_word' id='word_1_48' title='bbox 605 1211 673 1255; x_wconf 92' lang='lat' dir='ltr'>non</span> <span class='ocrx_word' id='word_1_49' title='bbox 703 1188 776 1254; x_wconf 88' lang='lat' dir='ltr'>sine</span> <span class='ocrx_word' id='word_1_50' title='bbox 804 1211 907 1256; x_wconf 90' lang='lat' dir='ltr'>cursu</span> <span class='ocrx_word' id='word_1_51' title='bbox 934 1205 1068 1270; x_wconf 89' lang='lat' dir='ltr'>tamen,</span> <span class='ocrx_word' id='word_1_52' title='bbox 1097 1191 1248 1257; x_wconf 78' lang='lat' dir='ltr'>veniens.</span> <span class='ocrx_word' id='word_1_53' title='bbox 1274 1183 1386 1255; x_wconf 82' lang='lat' dir='ltr'>lttud&#39;</span> 
     </span>
     <span class='ocr_line' id='line_1_8' title="bbox 291 1300 1366 1398; baseline -0.002 -28"><span class='ocrx_word' id='word_1_54' title='bbox 291 1304 392 1398; x_wconf 90' lang='lat' dir='ltr'>plane</span> <span class='ocrx_word' id='word_1_55' title='bbox 410 1303 535 1370; x_wconf 78' lang='lat' dir='ltr'>fatetur</span> <span class='ocrx_word' id='word_1_56' title='bbox 552 1317 586 1368; x_wconf 89' lang='lat' dir='ltr'>ct</span> <span class='ocrx_word' id='word_1_57' title='bbox 604 1301 763 1394; x_wconf 86' lang='lat' dir='ltr'>praefert,</span> <span class='ocrx_word' id='word_1_58' title='bbox 792 1327 956 1372; x_wconf 79' lang='lat' dir='ltr'>nonense</span> <span class='ocrx_word' id='word_1_59' title='bbox 981 1300 1190 1389; x_wconf 73' lang='lat' dir='ltr'>imcutam³,</span> <span class='ocrx_word' id='word_1_60' title='bbox 1218 1327 1283 1373; x_wconf 88' lang='lat' dir='ltr'>nec</span> <span class='ocrx_word' id='word_1_61' title='bbox 1306 1303 1366 1370; x_wconf 89' lang='lat' dir='ltr'>diu</span> 
     </span>
     <span class='ocr_line' id='line_1_9' title="bbox 292 1411 1365 1504; baseline -0.004 -15"><span class='ocrx_word' id='word_1_62' title='bbox 292 1437 427 1490; x_wconf 89' lang='lat' dir='ltr'>tortam.</span> <span class='ocrx_word' id='word_1_63' title='bbox 444 1418 511 1488; x_wconf 87' lang='lat' dir='ltr'>Sed</span> <span class='ocrx_word' id='word_1_64' title='bbox 527 1421 595 1501; x_wconf 88' lang='lat' dir='ltr'>ita,</span> <span class='ocrx_word' id='word_1_65' title='bbox 613 1434 652 1486; x_wconf 90' lang='lat' dir='ltr'>ut</span> <span class='ocrx_word' id='word_1_66' title='bbox 667 1419 717 1486; x_wconf 81' lang='lat' dir='ltr'>vis</span> <span class='ocrx_word' id='word_1_67' title='bbox 729 1411 757 1500; x_wconf 75' lang='lat'>⁴,</span> <span class='ocrx_word' id='word_1_68' title='bbox 776 1443 849 1487; x_wconf 88' lang='lat' dir='ltr'>esse</span> <span class='ocrx_word' id='word_1_69' title='bbox 866 1421 1043 1488; x_wconf 79' lang='lat' dir='ltr'>credamus</span> <span class='ocrx_word' id='word_1_70' title='bbox 1061 1449 1068 1488; x_wconf 90' lang='lat'>:</span> <span class='ocrx_word' id='word_1_71' title='bbox 1086 1446 1196 1490; x_wconf 90' lang='lat' dir='ltr'>mores</span> <span class='ocrx_word' id='word_1_72' title='bbox 1209 1421 1281 1504; x_wconf 86' lang='lat' dir='ltr'>iile,</span> <span class='ocrx_word' id='word_1_73' title='bbox 1296 1444 1365 1487; x_wconf 91' lang='lat' dir='ltr'>non</span> 
     </span>
     <span class='ocr_line' id='line_1_10' title="bbox 292 1535 1364 1628; baseline -0.004 -23"><span class='ocrx_word' id='word_1_74' title='bbox 292 1537 395 1606; x_wconf 86' lang='lat' dir='ltr'>verba</span> <span class='ocrx_word' id='word_1_75' title='bbox 414 1537 621 1628; x_wconf 78' lang='lat' dir='ltr'>composuit,</span> <span class='ocrx_word' id='word_1_76' title='bbox 648 1550 682 1602; x_wconf 92' lang='lat' dir='ltr'>et</span> <span class='ocrx_word' id='word_1_77' title='bbox 706 1535 829 1602; x_wconf 79' lang='lat' dir='ltr'>animis</span> <span class='ocrx_word' id='word_1_78' title='bbox 850 1538 987 1628; x_wconf 83' lang='lat' dir='ltr'>scripsit</span> <span class='ocrx_word' id='word_1_79' title='bbox 1005 1540 1091 1621; x_wconf 89' lang='lat' dir='ltr'>ista,</span> <span class='ocrx_word' id='word_1_80' title='bbox 1116 1561 1187 1605; x_wconf 90' lang='lat' dir='ltr'>non</span> <span class='ocrx_word' id='word_1_81' title='bbox 1207 1535 1364 1604; x_wconf 83' lang='lat' dir='ltr'>auribus.</span> 
     </span>
     <span class='ocr_line' id='line_1_11' title="bbox 290 1646 1364 1749; baseline -0.003 -27"><span class='ocrx_word' id='word_1_82' title='bbox 290 1656 457 1722; x_wconf 68' lang='lat' dir='ltr'>Praeterea</span> <span class='ocrx_word' id='word_1_83' title='bbox 468 1646 495 1736; x_wconf 86' lang='lat'>⁵,</span> <span class='ocrx_word' id='word_1_84' title='bbox 515 1654 589 1745; x_wconf 90' lang='lat' dir='ltr'>ipso</span> <span class='ocrx_word' id='word_1_85' title='bbox 609 1649 744 1719; x_wconf 84' lang='lat' dir='ltr'>dicente</span> <span class='ocrx_word' id='word_1_86' title='bbox 760 1675 828 1718; x_wconf 92' lang='lat' dir='ltr'>non</span> <span class='ocrx_word' id='word_1_87' title='bbox 844 1669 993 1721; x_wconf 80' lang='lat' dir='ltr'>vacasset</span> <span class='ocrx_word' id='word_1_88' title='bbox 1006 1655 1070 1720; x_wconf 89' lang='lat' dir='ltr'>tibi</span> <span class='ocrx_word' id='word_1_89' title='bbox 1084 1670 1198 1749; x_wconf 89' lang='lat' dir='ltr'>partes</span> <span class='ocrx_word' id='word_1_90' title='bbox 1215 1655 1364 1736; x_wconf 89' lang='lat' dir='ltr'>intueri,</span> 
     </span>
     <span class='ocr_line' id='line_1_12' title="bbox 290 1767 1365 1863; baseline -0.004 -25"><span class='ocrx_word' id='word_1_91' title='bbox 290 1769 375 1838; x_wconf 83' lang='lat' dir='ltr'>adeo</span> <span class='ocrx_word' id='word_1_92' title='bbox 395 1785 428 1836; x_wconf 90' lang='lat' dir='ltr'>te</span> <span class='ocrx_word' id='word_1_93' title='bbox 445 1791 574 1836; x_wconf 89' lang='lat' dir='ltr'>summa</span> <span class='ocrx_word' id='word_1_94' title='bbox 592 1768 761 1859; x_wconf 88' lang='lat' dir='ltr'>rapuisset</span> <span class='ocrx_word' id='word_1_95' title='bbox 780 1794 788 1832; x_wconf 75' lang='grc' dir='ltr'>ι</span> <span class='ocrx_word' id='word_1_96' title='bbox 806 1783 840 1834; x_wconf 88' lang='lat' dir='ltr'>et</span> <span class='ocrx_word' id='word_1_97' title='bbox 854 1767 944 1850; x_wconf 88' lang='lat' dir='ltr'>fere,</span> <span class='ocrx_word' id='word_1_98' title='bbox 967 1793 1042 1860; x_wconf 83' lang='lat' dir='ltr'>quae</span> <span class='ocrx_word' id='word_1_99' title='bbox 1061 1770 1191 1863; x_wconf 88' lang='lat' dir='ltr'>impetu</span> <span class='ocrx_word' id='word_1_100' title='bbox 1207 1768 1365 1861; x_wconf 86' lang='lat' dir='ltr'>placens,</span> 
     </span>
     <span class='ocr_line' id='line_1_13' title="bbox 251 1879 1369 1978; baseline 0 -28"><span class='ocrx_word' id='word_1_101' title='bbox 251 1888 403 1955; x_wconf 76' lang='lat' dir='ltr'>eminus</span> <span class='ocrx_word' id='word_1_102' title='bbox 428 1897 589 1978; x_wconf 79' lang='lat' dir='ltr'>praestant</span> <span class='ocrx_word' id='word_1_103' title='bbox 614 1881 659 1949; x_wconf 85' lang='lat' dir='ltr'>ad</span> <span class='ocrx_word' id='word_1_104' title='bbox 689 1905 826 1949; x_wconf 90' lang='lat' dir='ltr'>manum</span> <span class='ocrx_word' id='word_1_105' title='bbox 854 1879 1000 1952; x_wconf 82' lang='lat' dir='ltr'>reiata⁶.</span> <span class='ocrx_word' id='word_1_106' title='bbox 1027 1885 1096 1954; x_wconf 84' lang='lat' dir='ltr'>Sed</span> <span class='ocrx_word' id='word_1_107' title='bbox 1120 1885 1206 1953; x_wconf 84' lang='lat' dir='ltr'>ittnd</span> <span class='ocrx_word' id='word_1_108' title='bbox 1227 1907 1369 1976; x_wconf 85' lang='lat' dir='ltr'>quoque</span> 
     </span>
     <span class='ocr_line' id='line_1_14' title="bbox 291 1997 1366 2093; baseline -0.007 -23"><span class='ocrx_word' id='word_1_109' title='bbox 291 2001 435 2070; x_wconf 88' lang='lat' dir='ltr'>multum</span> <span class='ocrx_word' id='word_1_110' title='bbox 464 2013 533 2079; x_wconf 86' lang='lat' dir='ltr'>est,</span> <span class='ocrx_word' id='word_1_111' title='bbox 565 1999 676 2089; x_wconf 91' lang='lat' dir='ltr'>primo</span> <span class='ocrx_word' id='word_1_112' title='bbox 695 2011 836 2089; x_wconf 90' lang='lat' dir='ltr'>aspectu</span> <span class='ocrx_word' id='word_1_113' title='bbox 859 1997 973 2066; x_wconf 86' lang='lat' dir='ltr'>oculos</span> <span class='ocrx_word' id='word_1_114' title='bbox 996 2023 1196 2093; x_wconf 74' lang='lat' dir='ltr'>occupasse3</span> <span class='ocrx_word' id='word_1_115' title='bbox 1216 2001 1316 2066; x_wconf 89' lang='lat' dir='ltr'>etiam</span> <span class='ocrx_word' id='word_1_116' title='bbox 1338 2001 1366 2063; x_wconf 89' lang='lat' dir='ltr'>si</span> 
     </span>
     <span class='ocr_line' id='line_1_15' title="bbox 291 2112 1368 2209; baseline -0.006 -21"><span class='ocrx_word' id='word_1_117' title='bbox 291 2117 531 2209; x_wconf 87' lang='lat' dir='ltr'>contemplatio</span> <span class='ocrx_word' id='word_1_118' title='bbox 550 2113 699 2207; x_wconf 80' lang='lat' dir='ltr'>diligens</span> <span class='ocrx_word' id='word_1_119' title='bbox 719 2115 899 2182; x_wconf 88' lang='lat' dir='ltr'>inventum</span> <span class='ocrx_word' id='word_1_120' title='bbox 922 2133 974 2183; x_wconf 89' lang='lat' dir='ltr'>est</span> <span class='ocrx_word' id='word_1_121' title='bbox 998 2112 1091 2208; x_wconf 91' lang='lat' dir='ltr'>quod</span> <span class='ocrx_word' id='word_1_122' title='bbox 1109 2132 1240 2208; x_wconf 79' lang='lat' dir='ltr'>argunt.</span> <span class='ocrx_word' id='word_1_123' title='bbox 1258 2118 1294 2185; x_wconf 91' lang='lat' dir='ltr'>Si</span> <span class='ocrx_word' id='word_1_124' title='bbox 1312 2140 1368 2182; x_wconf 87' lang='lat' dir='ltr'>me</span> 
     </span>
     <span class='ocr_line' id='line_1_16' title="bbox 292 2225 1368 2326; baseline -0.005 -23"><span class='ocrx_word' id='word_1_125' title='bbox 292 2235 521 2326; x_wconf 67' lang='lat' dir='ltr'>interrogari,</span> <span class='ocrx_word' id='word_1_126' title='bbox 541 2225 650 2323; x_wconf 81' lang='lat' dir='ltr'>major</span> <span class='ocrx_word' id='word_1_127' title='bbox 662 2229 721 2298; x_wconf 85' lang='lat' dir='ltr'>ille</span> <span class='ocrx_word' id='word_1_128' title='bbox 740 2246 810 2314; x_wconf 88' lang='lat' dir='ltr'>est,</span> <span class='ocrx_word' id='word_1_129' title='bbox 831 2233 889 2325; x_wconf 90' lang='lat' dir='ltr'>qui</span> <span class='ocrx_word' id='word_1_130' title='bbox 902 2232 1069 2325; x_wconf 87' lang='lat' dir='ltr'>judicium</span> <span class='ocrx_word' id='word_1_131' title='bbox 1086 2233 1244 2314; x_wconf 81' lang='lat' dir='ltr'>abstulit,</span> <span class='ocrx_word' id='word_1_132' title='bbox 1265 2255 1368 2324; x_wconf 91' lang='lat' dir='ltr'>quam</span> 
     </span>
    </p>
   </div>
   <div class='ocr_carea' id='block_1_3' title="bbox 270 2432 1376 4306">
    <p class='ocr_par' dir='ltr' id='par_1_3' title="bbox 270 2432 1376 4306">
     <span class='ocr_line' id='line_1_17' title="bbox 293 2432 1370 2502; baseline -0.004 -15"><span class='ocrx_word' id='word_1_133' title='bbox 293 2432 735 2502; x_wconf 76' lang='lat' dir='ltr'>artificioserraetatosetorteqnem</span> <span class='ocrx_word' id='word_1_134' title='bbox 744 2450 805 2483; x_wconf 85' lang='lat' dir='ltr'>mox</span> <span class='ocrx_word' id='word_1_135' title='bbox 888 2432 911 2483; x_wconf 85' lang='lat'>3.</span> <span class='ocrx_word' id='word_1_136' title='bbox 923 2432 992 2485; x_wconf 84' lang='lat' dir='ltr'>Esse</span> <span class='ocrx_word' id='word_1_137' title='bbox 1007 2445 1019 2486; x_wconf 85' lang='lat' dir='ltr'>t</span> <span class='ocrx_word' id='word_1_138' title='bbox 1051 2440 1158 2488; x_wconf 65' lang='lat' dir='ltr'>summ.</span> <span class='ocrx_word' id='word_1_139' title='bbox 1171 2437 1237 2487; x_wconf 83' lang='lat' dir='ltr'>Esse</span> <span class='ocrx_word' id='word_1_140' title='bbox 1253 2453 1282 2486; x_wconf 83' lang='lat' dir='ltr'>se</span> <span class='ocrx_word' id='word_1_141' title='bbox 1294 2446 1370 2487; x_wconf 74' lang='lat' dir='ltr'>tract,</span> 
     </span>
     <span class='ocr_line' id='line_1_18' title="bbox 294 2504 1312 2584; baseline 0 -19"><span class='ocrx_word' id='word_1_142' title='bbox 294 2513 364 2566; x_wconf 89' lang='lat' dir='ltr'>dicit.</span> <span class='ocrx_word' id='word_1_143' title='bbox 384 2511 436 2565; x_wconf 85' lang='lat' dir='ltr'>Sed</span> <span class='ocrx_word' id='word_1_144' title='bbox 454 2529 543 2584; x_wconf 85' lang='lat' dir='ltr'>pamm</span> <span class='ocrx_word' id='word_1_145' title='bbox 566 2521 623 2582; x_wconf 83' lang='lat' dir='ltr'>epte</span> <span class='ocrx_word' id='word_1_146' title='bbox 642 2522 806 2583; x_wconf 85' lang='lat' dir='ltr'>opponuntur</span> <span class='ocrx_word' id='word_1_147' title='bbox 856 2509 937 2562; x_wconf 75' lang='lat' dir='ltr'>edd-a</span> <span class='ocrx_word' id='word_1_148' title='bbox 948 2510 1016 2562; x_wconf 84' lang='lat' dir='ltr'>Mur.</span> <span class='ocrx_word' id='word_1_149' title='bbox 1033 2504 1118 2565; x_wconf 82' lang='lat' dir='ltr'>invitis</span> <span class='ocrx_word' id='word_1_150' title='bbox 1128 2512 1217 2564; x_wconf 78' lang='lat' dir='ltr'>mestis.</span> <span class='ocrx_word' id='word_1_151' title='bbox 1228 2511 1312 2565; x_wconf 55' lang='lat' dir='ltr'>Setis».</span> 
     </span>
     <span class='ocr_line' id='line_1_19' title="bbox 293 2588 1369 2660; baseline -0.003 -15"><span class='ocrx_word' id='word_1_152' title='bbox 293 2593 340 2646; x_wconf 87' lang='lat' dir='ltr'>ists</span> <span class='ocrx_word' id='word_1_153' title='bbox 359 2589 426 2655; x_wconf 87' lang='lat' dir='ltr'>duo,</span> <span class='ocrx_word' id='word_1_154' title='bbox 439 2589 542 2660; x_wconf 74' lang='lat' dir='ltr'>effundi</span> <span class='ocrx_word' id='word_1_155' title='bbox 556 2600 580 2641; x_wconf 83' lang='lat' dir='ltr'>et</span> <span class='ocrx_word' id='word_1_156' title='bbox 584 2589 666 2657; x_wconf 76' lang='lat' dir='ltr'>fingi.</span> <span class='ocrx_word' id='word_1_157' title='bbox 687 2588 742 2642; x_wconf 77' lang='lat' dir='ltr'>luto</span> <span class='ocrx_word' id='word_1_158' title='bbox 751 2588 808 2656; x_wconf 71' lang='lat' dir='ltr'>figi</span> <span class='ocrx_word' id='word_1_159' title='bbox 888 2588 912 2650; x_wconf 74' lang='grc'>4.</span> <span class='ocrx_word' id='word_1_160' title='bbox 923 2588 970 2641; x_wconf 78' lang='lat' dir='ltr'>Ite</span> <span class='ocrx_word' id='word_1_161' title='bbox 979 2627 987 2653; x_wconf 93' lang='lat'>,</span> <span class='ocrx_word' id='word_1_162' title='bbox 996 2601 1028 2643; x_wconf 83' lang='lat' dir='ltr'>ut</span> <span class='ocrx_word' id='word_1_163' title='bbox 1034 2595 1084 2643; x_wconf 80' lang='lat' dir='ltr'>vis.</span> <span class='ocrx_word' id='word_1_164' title='bbox 1092 2589 1162 2644; x_wconf 83' lang='lat' dir='ltr'>Bene</span> <span class='ocrx_word' id='word_1_165' title='bbox 1172 2590 1265 2642; x_wconf 86' lang='lat' dir='ltr'>eiibris</span> <span class='ocrx_word' id='word_1_166' title='bbox 1271 2589 1369 2660; x_wconf 76' lang='lat' dir='ltr'>sliquos</span> 
     </span>
     <span class='ocr_line' id='line_1_20' title="bbox 294 2664 1369 2742; baseline -0.003 -19"><span class='ocrx_word' id='word_1_167' title='bbox 294 2669 412 2740; x_wconf 85' lang='lat' dir='ltr'>seriptum</span> <span class='ocrx_word' id='word_1_168' title='bbox 424 2667 568 2742; x_wconf 78' lang='lat' dir='ltr'>oportebat,</span> <span class='ocrx_word' id='word_1_169' title='bbox 585 2665 652 2736; x_wconf 86' lang='lat' dir='ltr'>qued</span> <span class='ocrx_word' id='word_1_170' title='bbox 670 2664 746 2717; x_wconf 82' lang='lat' dir='ltr'>babet</span> <span class='ocrx_word' id='word_1_171' title='bbox 761 2684 799 2716; x_wconf 86' lang='lat' dir='ltr'>ms</span> <span class='ocrx_word' id='word_1_172' title='bbox 856 2666 960 2718; x_wconf 79' lang='lat' dir='ltr'>assernit</span> <span class='ocrx_word' id='word_1_173' title='bbox 977 2667 1108 2722; x_wconf 84' lang='lat' dir='ltr'>Gruterus.</span> <span class='ocrx_word' id='word_1_174' title='bbox 1126 2669 1279 2723; x_wconf 82' lang='lat' dir='ltr'>Sententia:</span> <span class='ocrx_word' id='word_1_175' title='bbox 1294 2672 1369 2742; x_wconf 75' lang='lat' dir='ltr'>Age,</span> 
     </span>
     <span class='ocr_line' id='line_1_21' title="bbox 293 2735 1369 2818; baseline -0.004 -19"><span class='ocrx_word' id='word_1_176' title='bbox 293 2767 320 2800; x_wconf 83' lang='lat' dir='ltr'>a.</span> <span class='ocrx_word' id='word_1_177' title='bbox 333 2767 390 2800; x_wconf 89' lang='lat' dir='ltr'>eum</span> <span class='ocrx_word' id='word_1_178' title='bbox 401 2747 455 2798; x_wconf 85' lang='lat' dir='ltr'>Pal.</span> <span class='ocrx_word' id='word_1_179' title='bbox 470 2765 479 2797; x_wconf 87' lang='grc' dir='ltr'><strong>ι</strong></span> <span class='ocrx_word' id='word_1_180' title='bbox 493 2782 501 2809; x_wconf 88' lang='grc'>,</span> <span class='ocrx_word' id='word_1_181' title='bbox 513 2765 528 2795; x_wconf 79' lang='lat' dir='ltr'>a</span> <span class='ocrx_word' id='word_1_182' title='bbox 538 2781 545 2807; x_wconf 87' lang='lat'>,</span> <span class='ocrx_word' id='word_1_183' title='bbox 557 2744 588 2809; x_wconf 64' lang='lat' dir='ltr'>A,</span> <span class='ocrx_word' id='word_1_184' title='bbox 603 2756 627 2796; x_wconf 90' lang='lat' dir='ltr'>et</span> <span class='ocrx_word' id='word_1_185' title='bbox 640 2743 697 2796; x_wconf 85' lang='lat' dir='ltr'>Coi.</span> <span class='ocrx_word' id='word_1_186' title='bbox 707 2743 807 2814; x_wconf 77' lang='lat' dir='ltr'>jamque</span> <span class='ocrx_word' id='word_1_187' title='bbox 857 2735 910 2796; x_wconf 81' lang='lat' dir='ltr'>esto</span> <span class='ocrx_word' id='word_1_188' title='bbox 921 2743 958 2796; x_wconf 92' lang='lat' dir='ltr'>nti</span> <span class='ocrx_word' id='word_1_189' title='bbox 970 2743 1050 2810; x_wconf 89' lang='lat' dir='ltr'>dieis,</span> <span class='ocrx_word' id='word_1_190' title='bbox 1064 2766 1152 2817; x_wconf 84' lang='lat' dir='ltr'>perum</span> <span class='ocrx_word' id='word_1_191' title='bbox 1165 2745 1319 2818; x_wconf 81' lang='lat' dir='ltr'>compositus</span> <span class='ocrx_word' id='word_1_192' title='bbox 1328 2757 1369 2796; x_wconf 86' lang='lat' dir='ltr'>sut</span> 
     </span>
     <span class='ocr_line' id='line_1_22' title="bbox 270 2821 1369 2900; baseline -0.004 -21"><span class='ocrx_word' id='word_1_193' title='bbox 270 2826 358 2900; x_wconf 36' lang='lat' dir='ltr'>&#39;oiim</span> <span class='ocrx_word' id='word_1_194' title='bbox 379 2845 393 2878; x_wconf 95' lang='lat' dir='ltr'>e</span> <span class='ocrx_word' id='word_1_195' title='bbox 413 2836 475 2879; x_wconf 81' lang='lat' dir='ltr'>vett.</span> <span class='ocrx_word' id='word_1_196' title='bbox 496 2822 567 2876; x_wconf 90' lang='lat' dir='ltr'>libris</span> <span class='ocrx_word' id='word_1_197' title='bbox 587 2821 810 2874; x_wconf 82' lang='lat' dir='ltr'>commendereret</span> <span class='ocrx_word' id='word_1_198' title='bbox 858 2833 1013 2874; x_wconf 84' lang='lat' dir='ltr'>eonstruetns</span> <span class='ocrx_word' id='word_1_199' title='bbox 1029 2841 1036 2876; x_wconf 73' lang='grc' dir='ltr'><strong>ε</strong></span> <span class='ocrx_word' id='word_1_200' title='bbox 1052 2843 1145 2896; x_wconf 89' lang='lat' dir='ltr'>nempe</span> <span class='ocrx_word' id='word_1_201' title='bbox 1165 2823 1369 2897; x_wconf 80' lang='lat' dir='ltr'>philosophans,</span> 
     </span>
     <span class='ocr_line' id='line_1_23' title="bbox 295 2900 1266 2975; baseline -0.003 -19"><span class='ocrx_word' id='word_1_202' title='bbox 295 2905 366 2956; x_wconf 87' lang='lat' dir='ltr'>Pine.</span> <span class='ocrx_word' id='word_1_203' title='bbox 374 2903 492 2956; x_wconf 74' lang='lat' dir='ltr'>Refertur</span> <span class='ocrx_word' id='word_1_204' title='bbox 500 2900 532 2953; x_wconf 84' lang='lat' dir='ltr'>sd</span> <span class='ocrx_word' id='word_1_205' title='bbox 542 2903 680 2966; x_wconf 79' lang='lat' dir='ltr'>stimulos,</span> <span class='ocrx_word' id='word_1_206' title='bbox 691 2918 755 2969; x_wconf 85' lang='lat' dir='ltr'>quos</span> <span class='ocrx_word' id='word_1_207' title='bbox 764 2900 809 2951; x_wconf 89' lang='lat' dir='ltr'>de·</span> <span class='ocrx_word' id='word_1_208' title='bbox 857 2919 911 2952; x_wconf 84' lang='lat' dir='ltr'>nun</span> <span class='ocrx_word' id='word_1_209' title='bbox 924 2914 1066 2965; x_wconf 88' lang='lat' dir='ltr'>oratorem,</span> <span class='ocrx_word' id='word_1_210' title='bbox 1080 2903 1141 2975; x_wconf 78' lang='lat' dir='ltr'>egit.</span> <span class='ocrx_word' id='word_1_211' title='bbox 1151 2904 1266 2972; x_wconf 68' lang='lat' dir='ltr'>lipsius.</span> 
     </span>
     <span class='ocr_line' id='line_1_24' title="bbox 294 2977 1372 3053; baseline -0.002 -19"><span class='ocrx_word' id='word_1_212' title='bbox 294 2982 447 3034; x_wconf 81' lang='lat' dir='ltr'>sideraseret</span> <span class='ocrx_word' id='word_1_213' title='bbox 457 2978 540 3032; x_wconf 60' lang='lat' dir='ltr'>Schts.</span> <span class='ocrx_word' id='word_1_214' title='bbox 736 3043 738 3048; x_wconf 21' lang='grc' dir='ltr'>ι</span> <span class='ocrx_word' id='word_1_215' title='bbox 891 2979 915 3028; x_wconf 84' lang='grc'>5.</span> <span class='ocrx_word' id='word_1_216' title='bbox 923 2977 1177 3032; x_wconf 81' lang='lat' dir='ltr'>Proeterea...re1nta.</span> <span class='ocrx_word' id='word_1_217' title='bbox 1189 2981 1310 3053; x_wconf 74' lang='lat' dir='ltr'>Spectant</span> <span class='ocrx_word' id='word_1_218' title='bbox 1319 2981 1372 3032; x_wconf 86' lang='lat' dir='ltr'>bne</span> 
     </span>
     <span class='ocr_line' id='line_1_25' title="bbox 332 3053 1372 3128; baseline -0.001 -17"><span class='ocrx_word' id='word_1_219' title='bbox 332 3078 354 3111; x_wconf 86' lang='grc' dir='ltr'>ι.</span> <span class='ocrx_word' id='word_1_220' title='bbox 365 3058 471 3112; x_wconf 80' lang='lat' dir='ltr'>Leniter</span> <span class='ocrx_word' id='word_1_221' title='bbox 480 3059 581 3126; x_wconf 77' lang='lat' dir='ltr'>lup&#39;soe,</span> <span class='ocrx_word' id='word_1_222' title='bbox 592 3073 670 3125; x_wconf 77' lang='lat' dir='ltr'>quern</span> <span class='ocrx_word' id='word_1_223' title='bbox 682 3053 729 3124; x_wconf 86' lang='lat' dir='ltr'>Ep.</span> <span class='ocrx_word' id='word_1_224' title='bbox 746 3068 787 3107; x_wconf 73' lang='grc' dir='ltr'>ιιι</span> <span class='ocrx_word' id='word_1_225' title='bbox 801 3089 809 3112; x_wconf 85' lang='grc'><strong>.</strong></span> <span class='ocrx_word' id='word_1_226' title='bbox 857 3054 938 3106; x_wconf 82' lang='lat' dir='ltr'>Patris</span> <span class='ocrx_word' id='word_1_227' title='bbox 948 3055 1053 3110; x_wconf 75' lang='lat' dir='ltr'>Seneeae</span> <span class='ocrx_word' id='word_1_228' title='bbox 1064 3057 1156 3110; x_wconf 77' lang='lat' dir='ltr'>verbs:</span> <span class='ocrx_word' id='word_1_229' title='bbox 1169 3059 1290 3128; x_wconf 74' lang='lat' dir='ltr'>«quoties</span> <span class='ocrx_word' id='word_1_230' title='bbox 1300 3059 1372 3111; x_wconf 85' lang='lat' dir='ltr'>inei-</span> 
     </span>
     <span class='ocr_line' id='line_1_26' title="bbox 299 3131 1371 3207; baseline -0.002 -15"><span class='ocrx_word' id='word_1_231' title='bbox 299 3158 325 3192; x_wconf 87' lang='lat' dir='ltr'>ss</span> <span class='ocrx_word' id='word_1_232' title='bbox 336 3137 514 3206; x_wconf 71' lang='lat' dir='ltr'>,inoffensam</span> <span class='ocrx_word' id='word_1_233' title='bbox 534 3155 564 3188; x_wconf 87' lang='lat' dir='ltr'>se</span> <span class='ocrx_word' id='word_1_234' title='bbox 581 3132 692 3187; x_wconf 79' lang='lat' dir='ltr'>molliter</span> <span class='ocrx_word' id='word_1_235' title='bbox 711 3133 806 3206; x_wconf 78' lang='lat' dir='ltr'>lapsam</span> <span class='ocrx_word' id='word_1_236' title='bbox 855 3131 1020 3206; x_wconf 81' lang='lat' dir='ltr'>debatalique</span> <span class='ocrx_word' id='word_1_237' title='bbox 1032 3136 1371 3207; x_wconf 75' lang='lat' dir='ltr'>materis,qnsrconrieiunr</span> 
     </span>
     <span class='ocr_line' id='line_1_27' title="bbox 296 3209 1368 3288; baseline -0.002 -18"><span class='ocrx_word' id='word_1_238' title='bbox 296 3229 370 3270; x_wconf 76' lang='lat' dir='ltr'>voest</span> <span class='ocrx_word' id='word_1_239' title='bbox 385 3233 392 3268; x_wconf 80' lang='lat' dir='ltr'>t</span> <span class='ocrx_word' id='word_1_240' title='bbox 409 3215 471 3267; x_wconf 80' lang='lat' dir='ltr'>alies</span> <span class='ocrx_word' id='word_1_241' title='bbox 483 3215 571 3266; x_wconf 83' lang='lat' dir='ltr'>ssuens.</span> <span class='ocrx_word' id='word_1_242' title='bbox 584 3213 623 3265; x_wconf 79' lang='lat' dir='ltr'>cf.</span> <span class='ocrx_word' id='word_1_243' title='bbox 641 3214 661 3263; x_wconf 91' lang='lat'>1.</span> <span class='ocrx_word' id='word_1_244' title='bbox 682 3209 743 3262; x_wconf 87' lang='lat' dir='ltr'>Chr.</span> <span class='ocrx_word' id='word_1_245' title='bbox 758 3209 806 3261; x_wconf 87' lang='lat' dir='ltr'>Tb.</span> <span class='ocrx_word' id='word_1_246' title='bbox 855 3212 942 3265; x_wconf 76' lang='lat' dir='ltr'>secuti</span> <span class='ocrx_word' id='word_1_247' title='bbox 955 3213 1094 3285; x_wconf 85' lang='lat' dir='ltr'>reciperet,</span> <span class='ocrx_word' id='word_1_248' title='bbox 1113 3214 1251 3288; x_wconf 76' lang='lat' dir='ltr'>inspirabat</span> <span class='ocrx_word' id='word_1_249' title='bbox 1271 3235 1368 3288; x_wconf 74' lang='lat' dir='ltr'>magno</span> 
     </span>
     <span class='ocr_line' id='line_1_28' title="bbox 297 3288 1329 3363; baseline -0.004 -16"><span class='ocrx_word' id='word_1_250' title='bbox 297 3293 398 3347; x_wconf 81' lang='lat' dir='ltr'>Ernesti</span> <span class='ocrx_word' id='word_1_251' title='bbox 416 3291 528 3345; x_wconf 85' lang='lat' dir='ltr'>Lexieon</span> <span class='ocrx_word' id='word_1_252' title='bbox 539 3289 663 3344; x_wconf 77' lang='lat' dir='ltr'>Teubnei.</span> <span class='ocrx_word' id='word_1_253' title='bbox 682 3288 724 3340; x_wconf 81' lang='lat' dir='ltr'>lat.</span> <span class='ocrx_word' id='word_1_254' title='bbox 743 3289 807 3341; x_wconf 87' lang='lat' dir='ltr'>rbet.</span> <span class='ocrx_word' id='word_1_255' title='bbox 856 3291 1026 3363; x_wconf 78' lang='lat' dir='ltr'>magis-quam</span> <span class='ocrx_word' id='word_1_256' title='bbox 1042 3293 1093 3345; x_wconf 82' lang='lat' dir='ltr'>acri</span> <span class='ocrx_word' id='word_1_257' title='bbox 1106 3291 1201 3345; x_wconf 83' lang='lat' dir='ltr'>animo.</span> <span class='ocrx_word' id='word_1_258' title='bbox 1212 3294 1294 3347; x_wconf 74' lang='lat' dir='ltr'>Rubi</span> <span class='ocrx_word' id='word_1_259' title='bbox 1306 3316 1329 3343; x_wconf 75' lang='grc' dir='ltr'>ι».</span> 
     </span>
     <span class='ocr_line' id='line_1_29' title="bbox 297 3368 1371 3446; baseline 0.002 -22"><span class='ocrx_word' id='word_1_260' title='bbox 297 3393 322 3446; x_wconf 88' lang='lat' dir='ltr'>p.</span> <span class='ocrx_word' id='word_1_261' title='bbox 336 3370 383 3438; x_wconf 74' lang='lat'>175</span> <span class='ocrx_word' id='word_1_262' title='bbox 394 3390 431 3440; x_wconf 82' lang='lat' dir='ltr'>sq.</span> <span class='ocrx_word' id='word_1_263' title='bbox 444 3369 534 3424; x_wconf 74' lang='lat' dir='ltr'>liubit.</span> <span class='ocrx_word' id='word_1_264' title='bbox 887 3368 912 3420; x_wconf 83' lang='grc'>6.</span> <span class='ocrx_word' id='word_1_265' title='bbox 924 3371 972 3420; x_wconf 73' lang='lat' dir='ltr'>Ad</span> <span class='ocrx_word' id='word_1_266' title='bbox 979 3389 1090 3423; x_wconf 81' lang='lat' dir='ltr'>manum</span> <span class='ocrx_word' id='word_1_267' title='bbox 1102 3374 1206 3438; x_wconf 75' lang='lat' dir='ltr'>reluta,</span> <span class='ocrx_word' id='word_1_268' title='bbox 1219 3371 1247 3424; x_wconf 88' lang='lat' dir='ltr'>in</span> <span class='ocrx_word' id='word_1_269' title='bbox 1260 3391 1371 3426; x_wconf 81' lang='lat' dir='ltr'>menum</span> 
     </span>
     <span class='ocr_line' id='line_1_30' title="bbox 333 3447 1372 3524; baseline -0.001 -20"><span class='ocrx_word' id='word_1_270' title='bbox 333 3473 355 3504; x_wconf 85' lang='lat' dir='ltr'>n.</span> <span class='ocrx_word' id='word_1_271' title='bbox 366 3451 426 3504; x_wconf 86' lang='lat' dir='ltr'>Non</span> <span class='ocrx_word' id='word_1_272' title='bbox 434 3449 579 3524; x_wconf 75' lang='lat' dir='ltr'>effundere,</span> <span class='ocrx_word' id='word_1_273' title='bbox 591 3469 649 3502; x_wconf 86' lang='lat' dir='ltr'>cnm</span> <span class='ocrx_word' id='word_1_274' title='bbox 659 3449 754 3522; x_wconf 89' lang='lat' dir='ltr'>impetu</span> <span class='ocrx_word' id='word_1_275' title='bbox 763 3447 809 3500; x_wconf 82' lang='lat' dir='ltr'>ri·</span> <span class='ocrx_word' id='word_1_276' title='bbox 856 3459 954 3519; x_wconf 86' lang='lat' dir='ltr'>sumpts</span> <span class='ocrx_word' id='word_1_277' title='bbox 961 3459 984 3498; x_wconf 88' lang='lat' dir='ltr'>et</span> <span class='ocrx_word' id='word_1_278' title='bbox 993 3449 1179 3520; x_wconf 85' lang='lat' dir='ltr'>reieets,qnnm</span> <span class='ocrx_word' id='word_1_279' title='bbox 1187 3447 1310 3521; x_wconf 77' lang='lat' dir='ltr'>judicium</span> <span class='ocrx_word' id='word_1_280' title='bbox 1320 3471 1372 3503; x_wconf 78' lang='lat' dir='ltr'>mo</span> 
     </span>
     <span class='ocr_line' id='line_1_31' title="bbox 298 3524 1374 3602; baseline -0.001 -20"><span class='ocrx_word' id='word_1_281' title='bbox 298 3528 404 3594; x_wconf 87' lang='lat' dir='ltr'>delicet,</span> <span class='ocrx_word' id='word_1_282' title='bbox 418 3541 441 3581; x_wconf 91' lang='lat' dir='ltr'>et</span> <span class='ocrx_word' id='word_1_283' title='bbox 454 3527 552 3580; x_wconf 87' lang='lat' dir='ltr'>turbide</span> <span class='ocrx_word' id='word_1_284' title='bbox 564 3547 572 3592; x_wconf 66' lang='grc' dir='ltr'>ς</span> <span class='ocrx_word' id='word_1_285' title='bbox 586 3528 629 3579; x_wconf 87' lang='lat' dir='ltr'>sed</span> <span class='ocrx_word' id='word_1_286' title='bbox 641 3525 748 3579; x_wconf 81' lang='lat' dir='ltr'>fundere</span> <span class='ocrx_word' id='word_1_287' title='bbox 766 3524 810 3577; x_wconf 86' lang='lat' dir='ltr'>ie·</span> <span class='ocrx_word' id='word_1_288' title='bbox 858 3542 922 3577; x_wconf 84' lang='lat' dir='ltr'>rese</span> <span class='ocrx_word' id='word_1_289' title='bbox 937 3525 1058 3600; x_wconf 73' lang='lat' dir='ltr'>eniiegit,</span> <span class='ocrx_word' id='word_1_290' title='bbox 1071 3541 1095 3579; x_wconf 90' lang='lat' dir='ltr'>et</span> <span class='ocrx_word' id='word_1_291' title='bbox 1108 3528 1200 3580; x_wconf 82' lang='lat' dir='ltr'>certius</span> <span class='ocrx_word' id='word_1_292' title='bbox 1211 3531 1374 3602; x_wconf 71' lang='lat' dir='ltr'>appendite:</span> 
     </span>
     <span class='ocr_line' id='line_1_32' title="bbox 297 3602 1069 3674; baseline -0.005 -15"><span class='ocrx_word' id='word_1_293' title='bbox 297 3605 379 3672; x_wconf 88' lang='lat' dir='ltr'>niter,</span> <span class='ocrx_word' id='word_1_294' title='bbox 392 3619 416 3659; x_wconf 87' lang='lat' dir='ltr'>et</span> <span class='ocrx_word' id='word_1_295' title='bbox 430 3625 488 3659; x_wconf 78' lang='lat' dir='ltr'>cunr</span> <span class='ocrx_word' id='word_1_296' title='bbox 499 3605 598 3658; x_wconf 81' lang='lat' dir='ltr'>ordine.</span> <span class='ocrx_word' id='word_1_297' title='bbox 612 3603 726 3674; x_wconf 70' lang='lat' dir='ltr'>Lipn-</span> <span class='ocrx_word' id='word_1_298' title='bbox 735 3606 808 3658; x_wconf 86' lang='lat' dir='ltr'>idem</span> <span class='ocrx_word' id='word_1_299' title='bbox 858 3602 940 3655; x_wconf 85' lang='lat' dir='ltr'>libret.</span> <span class='ocrx_word' id='word_1_300' title='bbox 951 3602 1069 3672; x_wconf 81' lang='lat' dir='ltr'>Lipsius.</span> 
     </span>
     <span class='ocr_line' id='line_1_33' title="bbox 299 3682 1374 3755; baseline 0.004 -20"><span class='ocrx_word' id='word_1_301' title='bbox 299 3684 373 3736; x_wconf 85' lang='lat' dir='ltr'>Pater</span> <span class='ocrx_word' id='word_1_302' title='bbox 387 3683 484 3738; x_wconf 82' lang='lat' dir='ltr'>Seneca</span> <span class='ocrx_word' id='word_1_303' title='bbox 495 3684 513 3736; x_wconf 85' lang='lat' dir='ltr'>l.</span> <span class='ocrx_word' id='word_1_304' title='bbox 526 3684 543 3735; x_wconf 88' lang='lat' dir='ltr'>l.</span> <span class='ocrx_word' id='word_1_305' title='bbox 557 3699 587 3736; x_wconf 72' lang='lat' dir='ltr'>:a</span> <span class='ocrx_word' id='word_1_306' title='bbox 596 3683 733 3753; x_wconf 81' lang='lat' dir='ltr'>Nunquam</span> <span class='ocrx_word' id='word_1_307' title='bbox 744 3683 808 3735; x_wconf 88' lang='lat' dir='ltr'>ino·</span> <span class='ocrx_word' id='word_1_308' title='bbox 892 3703 914 3751; x_wconf 88' lang='lat'>7.</span> <span class='ocrx_word' id='word_1_309' title='bbox 926 3682 1309 3754; x_wconf 71' lang='lat' dir='ltr'>Simernsemgas...aessutrr.</span> <span class='ocrx_word' id='word_1_310' title='bbox 1317 3687 1374 3755; x_wconf 79' lang='lat' dir='ltr'>Qui</span> 
     </span>
     <span class='ocr_line' id='line_1_34' title="bbox 297 3759 1373 3837; baseline 0.004 -24"><span class='ocrx_word' id='word_1_311' title='bbox 297 3761 340 3832; x_wconf 84' lang='lat' dir='ltr'>pie</span> <span class='ocrx_word' id='word_1_312' title='bbox 355 3761 426 3814; x_wconf 81' lang='lat' dir='ltr'>verbi</span> <span class='ocrx_word' id='word_1_313' title='bbox 439 3761 564 3826; x_wconf 84' lang='lat' dir='ltr'>substitit,</span> <span class='ocrx_word' id='word_1_314' title='bbox 585 3760 629 3813; x_wconf 91' lang='lat' dir='ltr'>sed</span> <span class='ocrx_word' id='word_1_315' title='bbox 649 3759 808 3814; x_wconf 79' lang='lat' dir='ltr'>veiseissimo</span> <span class='ocrx_word' id='word_1_316' title='bbox 858 3761 884 3813; x_wconf 88' lang='lat' dir='ltr'>in</span> <span class='ocrx_word' id='word_1_317' title='bbox 898 3760 1009 3814; x_wconf 89' lang='lat' dir='ltr'>dicendo</span> <span class='ocrx_word' id='word_1_318' title='bbox 1023 3763 1121 3837; x_wconf 83' lang='lat' dir='ltr'>rapuit,</span> <span class='ocrx_word' id='word_1_319' title='bbox 1133 3775 1157 3815; x_wconf 88' lang='lat' dir='ltr'>et</span> <span class='ocrx_word' id='word_1_320' title='bbox 1166 3763 1247 3815; x_wconf 83' lang='lat' dir='ltr'>veluti</span> <span class='ocrx_word' id='word_1_321' title='bbox 1260 3765 1373 3817; x_wconf 85' lang='lat' dir='ltr'>insitum</span> 
     </span>
     <span class='ocr_line' id='line_1_35' title="bbox 299 3838 1372 3914; baseline 0.004 -24"><span class='ocrx_word' id='word_1_322' title='bbox 299 3857 373 3890; x_wconf 84' lang='lat' dir='ltr'>eursu</span> <span class='ocrx_word' id='word_1_323' title='bbox 388 3859 418 3892; x_wconf 79' lang='lat' dir='ltr'>se</span> <span class='ocrx_word' id='word_1_324' title='bbox 436 3839 558 3893; x_wconf 79' lang='lat' dir='ltr'>facillimo</span> <span class='ocrx_word' id='word_1_325' title='bbox 580 3857 669 3892; x_wconf 85' lang='lat' dir='ltr'>ornnes</span> <span class='ocrx_word' id='word_1_326' title='bbox 683 3857 721 3891; x_wconf 86' lang='lat' dir='ltr'>res</span> <span class='ocrx_word' id='word_1_327' title='bbox 734 3838 808 3891; x_wconf 78' lang='lat' dir='ltr'>besta</span> <span class='ocrx_word' id='word_1_328' title='bbox 857 3840 931 3891; x_wconf 80' lang='lat' dir='ltr'>trsxit</span> <span class='ocrx_word' id='word_1_329' title='bbox 945 3839 1108 3893; x_wconf 84' lang='lat' dir='ltr'>inventorum</span> <span class='ocrx_word' id='word_1_330' title='bbox 1128 3853 1153 3893; x_wconf 91' lang='lat' dir='ltr'>et</span> <span class='ocrx_word' id='word_1_331' title='bbox 1172 3841 1372 3914; x_wconf 74' lang='lat' dir='ltr'>excogitatorum</span> 
     </span>
     <span class='ocr_line' id='line_1_36' title="bbox 300 3917 1372 3990; baseline 0.001 -20"><span class='ocrx_word' id='word_1_332' title='bbox 300 3917 414 3985; x_wconf 80' lang='lat' dir='ltr'>(inber)</span> <span class='ocrx_word' id='word_1_333' title='bbox 425 3919 615 3972; x_wconf 80' lang='lat' dir='ltr'>circumfluebat</span> <span class='ocrx_word' id='word_1_334' title='bbox 625 3919 714 3971; x_wconf 82' lang='lat' dir='ltr'>oratio.</span> <span class='ocrx_word' id='word_1_335' title='bbox 725 3941 738 3964; x_wconf 79' lang='grc' dir='ltr'><strong>υ</strong></span> <span class='ocrx_word' id='word_1_336' title='bbox 749 3918 809 3969; x_wconf 79' lang='lat' dir='ltr'>Ad·</span> <span class='ocrx_word' id='word_1_337' title='bbox 856 3928 914 3986; x_wconf 84' lang='lat' dir='ltr'>epta</span> <span class='ocrx_word' id='word_1_338' title='bbox 921 3918 1075 3990; x_wconf 81' lang='lat' dir='ltr'>expositione</span> <span class='ocrx_word' id='word_1_339' title='bbox 1082 3918 1195 3989; x_wconf 84' lang='lat' dir='ltr'>adeoque</span> <span class='ocrx_word' id='word_1_340' title='bbox 1205 3921 1372 3986; x_wconf 78' lang='lat' dir='ltr'>tractatione,</span> 
     </span>
     <span class='ocr_line' id='line_1_37' title="bbox 300 3994 1373 4069; baseline 0.003 -21"><span class='ocrx_word' id='word_1_341' title='bbox 300 3995 354 4059; x_wconf 89' lang='lat' dir='ltr'>dit,</span> <span class='ocrx_word' id='word_1_342' title='bbox 368 4019 383 4045; x_wconf 82' lang='lat' dir='ltr'>ss</span> <span class='ocrx_word' id='word_1_343' title='bbox 397 3998 473 4050; x_wconf 85' lang='lat' dir='ltr'>verbs</span> <span class='ocrx_word' id='word_1_344' title='bbox 485 3999 555 4051; x_wconf 83' lang='lat' dir='ltr'>velut</span> <span class='ocrx_word' id='word_1_345' title='bbox 574 3998 669 4069; x_wconf 77' lang='lat' dir='ltr'>injussa</span> <span class='ocrx_word' id='word_1_346' title='bbox 688 3997 807 4060; x_wconf 75' lang='lat' dir='ltr'>fluxisse,</span> <span class='ocrx_word' id='word_1_347' title='bbox 858 3994 940 4065; x_wconf 77' lang='lat' dir='ltr'>major</span> <span class='ocrx_word' id='word_1_348' title='bbox 957 4007 994 4046; x_wconf 89' lang='lat' dir='ltr'>est</span> <span class='ocrx_word' id='word_1_349' title='bbox 1008 4017 1091 4065; x_wconf 78' lang='lat' dir='ltr'>qnam</span> <span class='ocrx_word' id='word_1_350' title='bbox 1103 4002 1151 4067; x_wconf 80' lang='lat' dir='ltr'>qui</span> <span class='ocrx_word' id='word_1_351' title='bbox 1168 4003 1281 4064; x_wconf 78' lang='lat' dir='ltr'>meruit,</span> <span class='ocrx_word' id='word_1_352' title='bbox 1300 4000 1373 4068; x_wconf 87' lang='lat' dir='ltr'>qnod</span> 
     </span>
     <span class='ocr_line' id='line_1_38' title="bbox 274 4069 1373 4151; baseline 0.003 -26"><span class='ocrx_word' id='word_1_353' title='bbox 274 4069 282 4082; x_wconf 79' lang='lat'><em>&#39;</em></span> <span class='ocrx_word' id='word_1_354' title='bbox 299 4073 407 4144; x_wconf 85' lang='lat' dir='ltr'>ideoque</span> <span class='ocrx_word' id='word_1_355' title='bbox 414 4086 599 4143; x_wconf 80' lang='lat' dir='ltr'>nuntraetata,</span> <span class='ocrx_word' id='word_1_356' title='bbox 609 4093 656 4129; x_wconf 86' lang='lat' dir='ltr'>nec</span> <span class='ocrx_word' id='word_1_357' title='bbox 665 4078 713 4128; x_wconf 82' lang='lat' dir='ltr'>diu</span> <span class='ocrx_word' id='word_1_358' title='bbox 723 4084 807 4140; x_wconf 71' lang='lat' dir='ltr'>tona,</span> <span class='ocrx_word' id='word_1_359' title='bbox 858 4092 917 4125; x_wconf 87' lang='lat' dir='ltr'>cnrs</span> <span class='ocrx_word' id='word_1_360' title='bbox 924 4073 1044 4128; x_wconf 77' lang='lat' dir='ltr'>dictionis</span> <span class='ocrx_word' id='word_1_361' title='bbox 1051 4088 1076 4129; x_wconf 90' lang='lat' dir='ltr'>et</span> <span class='ocrx_word' id='word_1_362' title='bbox 1082 4075 1373 4151; x_wconf 67' lang='lat' dir='ltr'>fingendistndio,saepe</span> 
     </span>
     <span class='ocr_line' id='line_1_39' title="bbox 298 4151 1374 4229; baseline 0.003 -25"><span class='ocrx_word' id='word_1_363' title='bbox 298 4151 368 4206; x_wconf 80' lang='lat' dir='ltr'>nulls</span> <span class='ocrx_word' id='word_1_364' title='bbox 378 4167 431 4206; x_wconf 87' lang='lat' dir='ltr'>erte</span> <span class='ocrx_word' id='word_1_365' title='bbox 440 4154 552 4208; x_wconf 78' lang='lat' dir='ltr'>adbibita</span> <span class='ocrx_word' id='word_1_366' title='bbox 564 4156 633 4210; x_wconf 82' lang='lat' dir='ltr'>serie</span> <span class='ocrx_word' id='word_1_367' title='bbox 642 4153 720 4208; x_wconf 83' lang='lat' dir='ltr'>verbs</span> <span class='ocrx_word' id='word_1_368' title='bbox 730 4167 809 4207; x_wconf 83' lang='lat' dir='ltr'>trans·</span> <span class='ocrx_word' id='word_1_369' title='bbox 858 4151 933 4205; x_wconf 88' lang='lat' dir='ltr'>etism</span> <span class='ocrx_word' id='word_1_370' title='bbox 947 4154 1130 4225; x_wconf 84' lang='lat' dir='ltr'>opprimendo,</span> <span class='ocrx_word' id='word_1_371' title='bbox 1141 4155 1280 4218; x_wconf 85' lang='lat' dir='ltr'>irruendo,</span> <span class='ocrx_word' id='word_1_372' title='bbox 1293 4172 1374 4229; x_wconf 74' lang='lat' dir='ltr'>appu-</span> 
     </span>
     <span class='ocr_line' id='line_1_40' title="bbox 296 4230 1376 4306; baseline 0.006 -26"><span class='ocrx_word' id='word_1_373' title='bbox 296 4230 732 4299; x_wconf 82' lang='lat' dir='ltr'>i&#39;erendi,immutandi,inflertendi,</span> <span class='ocrx_word' id='word_1_374' title='bbox 744 4245 807 4285; x_wconf 82' lang='lat' dir='ltr'>ete.»</span> <span class='ocrx_word' id='word_1_375' title='bbox 858 4233 1099 4306; x_wconf 72' lang='lat' dir='ltr'>gnendofierjsoiet.</span> <span class='ocrx_word' id='word_1_376' title='bbox 1105 4237 1169 4289; x_wconf 83' lang='lat' dir='ltr'>Utor</span> <span class='ocrx_word' id='word_1_377' title='bbox 1177 4235 1279 4288; x_wconf 78' lang='lat' dir='ltr'>Ernesti</span> <span class='ocrx_word' id='word_1_378' title='bbox 1288 4236 1376 4289; x_wconf 78' lang='lat' dir='ltr'>verbis</span> 
     </span>
    </p>
   </div>
   <div class='ocr_carea' id='block_1_4' title="bbox 0 0 1484 4934">
    <p class='ocr_par' dir='ltr' id='par_1_4' title="bbox 0 0 1484 4934">
     <span class='ocr_line' id='line_1_41' title="bbox 0 0 1484 4934; baseline 0 0"><span class='ocrx_word' id='word_1_379' title='bbox 0 0 1484 4934; x_wconf 95' lang='lat' dir='ltr'> </span> 
     </span>
    </p>
   </div>
  </div>
 </body>
</html>
