2950 4934
280 486 348 575 440
664 477 955 550 excusari

277 625 447 712 pauperes
463 637 549 685 esse.
571 615 690 708 Incipe
711 637 787 683 cum
804 627 1004 706 paupertate
1023 611 1151 683 habere
1167 613 1352 684 contuber-

278 732 390 804 nium.¹
1122 749 1126 758 '
1467 719 1468 736 Χ

441 859 533 923 Anile,
545 859 654 934 hospes,
668 870 829 913 contemnere
840 879 899 930 opes
910 896 918 923 ,
931 869 954 912 et
966 871 988 911 te
1002 877 1102 930 quoquc
1114 857 1219 931 dignum

444 945 528 1018 Finge
541 943 620 998 Dae.
629 982 638 996 .
646 980 671 996 ..
996 967 1003 974 ·

277 1078 385 1144 Nemo
411 1073 498 1143 alius
518 1073 644 1168 dignus
661 1075 735 1144 Deo
760 1090 831 1160 est,
857 1077 921 1144 nisi
948 1077 1007 1168 qui
1032 1098 1113 1168 opes
1135 1077 1349 1168 contempsit.

278 1192 398 1286 Quare
413 1194 642 1286 possessiones
654 1189 718 1258 tibi
731 1213 802 1258 non
816 1190 1004 1277 interdico,
1024 1191 1084 1260 sed
1097 1191 1237 1261 efficere
1252 1192 1330 1261 volo
1338 1243 1350 1276 ,
1467 1181 1468 1260 l

278 1323 318 1377 ut
332 1307 408 1377 illas
421 1308 591 1401 intrepide
608 1307 795 1401 possideas3
814 1306 906 1402 quod
922 1331 992 1377 nno
1006 1310 1226 1402 consequeris
1239 1309 1352 1394 modo,

279 1425 356 1493 site
371 1427 472 1494 etiam
491 1425 565 1493 siue
583 1423 653 1492 illis
667 1423 757 1492 bene
771 1424 938 1493 victurum
954 1426 1162 1517 speraveris,
1182 1439 1216 1494 et
1233 1425 1262 1493 si
1280 1423 1354 1492 illas
1467 1473 1468 1492 .

262 1556 441 1636 *tanquam
467 1543 616 1610 exituras
641 1541 827 1634 aspexeris.
847 1538 1008 1610 Discedat
1025 1541 1181 1636 quisquis
1207 1563 1277 1609 non
1297 1555 1353 1624 te,
1467 1527 1468 1602 l

279 1658 340 1727 sed
352 1655 447 1727 aliud
460 1660 497 1727 in
511 1661 545 1727 te
558 1656 782 1750 sequebatur3
799 1656 843 1726 oh
855 1655 921 1725 hoc
933 1681 1039 1725 unum
1052 1674 1104 1726 est
1114 1656 1258 1726 amends
1270 1679 1356 1752 pau·
1467 1671 1468 1734 f

278 1791 410 1870 pertas,
426 1776 553 1871 quoda
567 1774 692 1868 quibus
704 1775 848 1858 ameris,
865 1773 1025 1844 ostendit.
1042 1775 1188 1845 Multum
1201 1791 1268 1858 est,
1286 1798 1357 1844 non

278 1895 453 1988 corrumpi
471 1893 667 1963 divitiarum
684 1890 924 1962 contubernio.
953 1896 1099 1987 Magnus
1124 1891 1184 1962 ille
1208 1909 1280 1977 eat,
1296 1892 1358 1984 qui

278 2013 316 2080 in
332 2011 463 2080 divitiis
476 2035 608 2105 pauper
621 2027 683 2079 est.
701 2013 809 2080 Nemo
822 2009 973 2078 nascitur
985 2009 1093 2079 (lives.
1109 2009 1276 2103 Quisquis
1289 2010 1360 2076 exit
1467 2099 1468 2102 Ἴ

278 2131 316 2197 in
328 2129 458 2213 lucem,
471 2129 586 2223 jussus
600 2144 653 2198 est
671 2153 759 2224 pane
778 2144 812 2197 et
829 2128 916 2198 lacte
934 2149 1008 2197 esse
1025 2143 1226 2214 contentus3
1245 2126 1290 2196 al>
1303 2127 1359 2194 his

280 2245 388 2315 initiis
408 2269 514 2341 regna
534 2269 596 2314 nos
616 2270 685 2315 non
704 2246 855 2341 capiunt.
880 2245 1006 2312 Panem
1031 2261 1067 2314 et
1092 2267 1216 2338 aquam
1236 2259 1360 2312 uatum

264 2360 466 2450 'desiderat;
484 2385 584 2430 nemu
601 2361 645 2430 ad
665 2363 738 2434 haec
759 2387 890 2455 pauper
911 2377 984 2448 est3
1011 2362 1101 2430 intra
1127 2385 1203 2455 quae
1227 2363 1255 2430 si
1281 2361 1360 2452 quia

281 2477 488 2547 desiderium
505 2502 602 2547 suum
621 2473 743 2560 clusit.
761 2498 838 2545 cum
858 2478 932 2569 ipso
946 2479 1029 2546 love
1045 2478 1088 2546 de
1104 2477 1265 2546 felicitate
1277 2501 1362 2545 cou-
1467 2453 1468 2466 ἵ

280 2602 409 2672 tendat.
430 2605 498 2672 Res
518 2603 688 2698 inquieta,
710 2599 855 2669 felicitas
872 2613 944 2682 est,
965 2599 1038 2694 ipsa
1052 2623 1088 2668 se
1103 2600 1266 2693 exagitat,
1287 2623 1360 2669 mo-
1467 2569 1468 2636 l

280 2737 338 2788 vet
355 2719 557 2802 cerebrum,
575 2743 646 2785 non
662 2718 697 2784 in
713 2741 782 2785 uno
801 2739 946 2808 genere3
967 2715 1051 2785 alios
1069 2717 1105 2784 in
1126 2715 1254 2786 cultum
1276 2718 1362 2785 irri-
1467 2763 1468 2768 κ

280 2854 351 2925 tat,
370 2837 454 2905 alios
479 2837 516 2904 in
537 2816 741 2929 potentiam,
761 2832 845 2902 alios
862 2833 981 2915 inllat,
1004 2832 1088 2902 alios
1111 2831 1232 2904 mollit.
1252 2835 1361 2903 Siris

165 2964 170 2972 '
275 2948 390 3038 'scirej
419 2975 523 3045 quam
549 2948 638 3018 nihil
668 2948 747 3017 mali
770 2951 813 3048 sit
835 2951 872 3017 in
890 2964 1106 3045 paupertate,
1129 2975 1286 3044 compara
1304 2953 1364 3020 in·-

281 3087 334 3137 ter
350 3068 530 3138 sevultum
552 3068 712 3162 pauperis
735 3079 771 3136 et
793 3066 922 3135 divitis.
939 3068 1070 3162 Saepius
1082 3091 1214 3163 pauper
1226 3085 1260 3138 et
1273 3070 1363 3140 flde-
1467 3061 1468 3124 Ῐ

278 3183 347 3254 lius
360 3181 450 3251 ridet
466 3207 475 3249 ε
491 3180 586 3249 nulla
598 3179 828 3249 sollieitudine
841 3183 1046 3267 concutitur,
1057 3183 1094 3251 in
1107 3182 1176 3251 alto
1191 3200 1262 3272 est3
1276 3209 1362 3254 etun

279 3299 373 3368 velut
399 3299 508 3367 nubes
534 3298 617 3368 levis
641 3298 773 3366 transit.
797 3299 927 3396 Horum
946 3299 1005 3391 qui
1029 3296 1145 3369 felices
1167 3317 1359 3386 vocantur,

279 3417 435 3484 hilaritas
447 3415 525 3484 ficta
540 3433 591 3484 est
608 3443 615 3482 ι
633 3415 716 3484 huie
737 3417 850 3508 gravis
864 3433 898 3484 et
912 3439 1071 3510 suprema
1083 3417 1261 3513 superbia,
1279 3419 1363 3488 lieet
1467 3469 1468 3480 η

280 3558 349 3601 non
367 3531 499 3631 palam,
515 3534 653 3601 tristitia
668 3548 739 3621 est3
757 3556 797 3601 eo
816 3533 953 3624 quidem
970 3535 1119 3628 gravior,
1142 3533 1234 3628 quod
1251 3536 1364 3603 inter·
1467 3535 1468 3542 '

281 3649 362 3717 dum
388 3676 468 3719 non·
486 3649 567 3718 licet
587 3649 698 3744 palam
722 3673 796 3718 esse
815 3650 978 3738 miseros,
1006 3649 1065 3719 sed
1082 3651 1173 3720 inter
1190 3675 1363 3721 aerumnas

280 3791 339 3833 cor
355 3769 466 3860 ipsum
481 3767 678 3849 exedentes,
700 3789 839 3834 necesse
852 3781 904 3835 est
914 3790 1017 3862 agere
1038 3767 1186 3836 felicem.
1209 3768 1364 3837 Abstra-

279 3884 400 3952 hunta
414 3899 507 3952 recto
521 3884 666 3968 divitie,
684 3883 831 3953 honores
841 3936 852 3970 ,
870 3885 1050 3978 potentiae,
1067 3900 1102 3953 et
1117 3901 1238 3955 caetera
1255 3913 1264 3953 ε
1283 3911 1364 3978 quae

280 3999 442 4090 opinione
458 3998 638 4067 hominum>
652 4023 731 4068 cara
751 4015 846 4080 sunt,
866 3999 979 4092 pretio
997 4023 1058 4068 suo
1072 3997 1166 4068 vilia.
1182 4001 1367 4068 Nescimus

281 4115 445 4183 &timere
464 4139 539 4200 res,
561 4114 604 4183 de
624 4115 749 4209 quibus
766 4139 834 4184 non
853 4140 930 4184 cum
949 4115 1054 4201 lama,
1072 4115 1132 4186 sed
1146 4141 1222 4187 eum
1242 4141 1367 4188 rerum

281 4242 404 4297 natura
419 4229 677 4299 deliberandum
694 4247 757 4302 est.
778 4231 873 4301 Nihil
889 4231 1016 4304 habent
1032 4235 1096 4304 ista
1114 4235 1366 4328 magnificum,
1439 4257 1443 4263 ·
