2950 4934
270 731 349 818 ex
375 732 423 817 ι.
455 729 506 816 Α.
536 722 790 818 sursum
817 727 1024 843 rmus

164 1036 665 1172 EXCERPTA
715 1033 1145 1200 QUAEDAM·

640 1348 672 1382 n

303 1546 434 1609 ElDEM
454 1544 659 1607 NONNULL'A
681 1543 800 1605 nuso
821 1543 1004 1606 Tutssurr.

524 1805 813 1836 *a

374 2151 403 2220 l.
433 2168 487 2223 uu
512 2167 791 2224 rsureursru
814 2167 950 2224 umus.

166 2321 312 2374 Contimtu
322 2318 458 2373 sententias
469 2339 483 2372 e
494 2320 597 2376 Senem
608 2321 705 2396 seriptis
718 2321 882 2376 concinnum
891 2321 919 2374 in
928 2340 1025 2375 moram
1037 2320 1165 2374 centonis.

171 2471 383 2576 Huuesrs,
407 2493 520 2584 inquit
535 2493 725 2586 Epicurus,
747 2517 801 2562 res
819 2510 870 2563 eat
881 2543 892 2578 ‚
915 2511 1097 2586 paupertas
1112 2491 1200 2561 laeta.

120 2607 188 2677 ltta
218 2632 301 2676 vero
323 2609 396 2702 jam
423 2622 604 2700 paupertas
622 2631 691 2674 non
717 2623 787 2691 est,
810 2609 838 2677 si
858 2607 935 2675 laeta
961 2624 1024 2675 est.
1045 2607 1109 2676 Cui
1127 2631 1204 2675 cum

119 2741 330 2820 paupertate
349 2725 439 2794 bene
453 2727 635 2811 convenit,
656 2723 753 2794 dives
767 2740 830 2793 est.
846 2727 922 2794 Non
936 2726 994 2817 qui
1009 2749 1127 2817 parum
1142 2722 1207 2791 ha-

119 2844 185 2912 bet
196 2895 211 2930 ,
239 2842 306 2911 sed'
327 2845 392 2935 qui
413 2842 512 2938 plura
537 2843 654 2935 cupit,
684 2861 817 2937 pauper
836 2857 900 2911 est.
922 2841 1018 2934 Quid
1036 2843 1127 2909 enim
1145 2865 1208 2910 ra*

121 2959 217 3042 fert,
243 2973 409 3050 quantum
435 2958 487 3027 illi
514 2960 552 3027 in
572 2982 651 3028 area
662 3009 673 3044 ,
693 2975 857 3051 quantum
877 2960 914 3027 in
931 2957 1064 3028 horreis
1083 2958 1184 3026 lateat
1194 3007 1214 3044 ,.

119 3091 298 3169 quantum
313 3090 428 3170 paarat
447 3091 507 3143 aut
524 3076 686 3161 foeneret,
707 3077 736 3146 si
754 3075 868 3146 alieno
887 3077 1063 3160 imminet,
1087 3077 1116 3144 si
1140 3099 1208 3143 non

118 3189 321 3282 aequisita,
344 3188 404 3257 sed
419 3188 628 3282 acquirenda
646 3189 985 3283 concupiscitiQuis
1007 3191 1051 3258 sit
1071 3188 1209 3258 divitia·

120 3328 206 3371 rum
225 3299 372 3387 modus,
390 3303 540 3394 quaeris?
555 3302 691 3386 Primo,
711 3300 839 3371 habere
859 3302 952 3394 quod
974 3319 1207 3373 nemeseus:

119 3400 309 3506 seeundo,
330 3419 423 3512 quod
440 3421 521 3487 satis
535 3434 598 3487 est.
1101 3498 1104 3506 .

174 3534 279 3607 Nulli
291 3551 401 3628 potest
414 3557 534 3603 secura
546 3536 616 3603 vita
630 3536 844 3629 contingere,
860 3538 921 3629 qui
935 3533 979 3605 de
993 3534 1212 3632 producenda

120 3654 239 3723 nimis
267 3652 404 3746 cogitat.
430 3651 570 3721 Nullum
596 3637 723 3720 bouum
742 3653 843 3743 ‚juvat
863 3651 1065 3734 habentem,
1087 3653 1153 3720 nisi
1169 3650 1215 3721 ad

120 3770 236 3864 cujus
253 3771 467 3838 amissionem
485 3783 692 3862 praeparatus
710 3784 761 3836 eat
778 3771 923 3837 animus.
940 3769 1073 3861 Magnae
1088 3767 1215 3837 divitiae
1289 3828 1294 3834 .

121 3901 241 3970 sunt,
266 3885 343 3979 lege
364 3901 492 3954 uamrae
510 3886 908 3979 composita‘paupertas.
935 3887 1003 3952 Lex
1023 3901 1135 3953 autem
1152 3907 1216 3952 na·

121 4025 246 4089 turae,
265 4006 332 4073 seis
347 4027 432 4097 quos
448 4004 610 4073 terminos
624 4003 724 4071 nobis
740 4004 857 4071 statuit
867 4005 883 4072 Ρ.
895 4006 972 4072 Νοιι
986 4003 1129 4086 esurire,
1147 4025 1217 4071 non

119 4125 262 4206 sitire,
289 4143 359 4188 non
384 4120 514 4215 algere.
542 4119 600 4189 Uti
625 4118 748 4187 famem
770 4118 929 4210 sitimque
956 4117 1127 4212 depellas,
1150 4143 1219 4188 non

71 4223 78 4236 ⁴
122 4256 184 4311 est
197 4259 348 4308 necesse
362 4237 467 4306 maria
487 4251 639 4323 tentare,
660 4259 723 4303 nec
743 4251 851 4304 eastra
867 4237 978 4330 sequi.
996 4235 1152 4306 Parabile
1167 4252 1219 4306 eat
