2950 4934
302 430 369 523 ⁵9⁸
665 427 1010 498 JUsT1L1P511

299 571 439 647 Tenum,
457 591 520 651 qut
536 570 622 631 sicea.
636 596 651 625 ιι
668 570 836 633 Plunmhua
860 571 913 633 iroo
926 574 1021 655 ipsum
1037 571 1095 656 (de
1109 574 1203 654 primo
1216 570 1371 655 Frigidoia

303 706 317 735 ι
333 678 421 739 Stoici
444 679 570 759 primum
590 677 728 761 [rigidum
750 680 819 743 Aeri
833 682 999 765 usiguant,
1025 680 1214 763 Empododos
1234 692 1264 741 et
1283 680 1373 741 Strato

300 788 411 865 Aqum
427 810 442 837 υ
457 784 501 845 uti
515 796 546 845 et
557 783 714 867 Stagirites.
733 785 807 847 inde
821 800 919 849 noster
932 785 1046 870 (Epist.
1062 783 1178 869 xxxr)=
1194 814 1209 841 ι
1219 786 1299 847 Nihil
1313 788 1374 847 siue

301 892 374 973 Igne
393 892 536 966 calidum,
557 891 630 951 nihil
643 894 706 953 sine
723 892 799 973 iere
813 892 949 975 frigidum
966 882 979 951 ἰ
998 918 1012 945 ¹·
1026 894 1107 977 qrnsi
1122 906 1151 953 et
1164 914 1249 953 causa
1266 914 1301 953 ao
1314 892 1374 953 inas

299 1000 337 1058 sit
356 997 481 1081 frigoris.
506 998 589 1059 Idem
608 1020 677 1082 ergo
697 1000 806 1061 Seneca
827 1023 893 1061 oum
908 1002 1065 1061 attentione
1081 1000 1221 1083 legendus
1238 1000 1308 1059 alibi
1326 998 1375 1081 (dc

299 1105 349 1165 lra
363 1105 412 1179 il,
427 1128 454 1166 o.
473 1103 551 1188 18)=
567 1131 582 1159 ι
593 1105 689 1181 Quum
700 1118 824 1187 quatuor
837 1106 977 1167 elementa
998 1108 1071 1180 sint,
1084 1106 1180 1189 Ignis,
1195 1106 1295 1187 Aqua,
1309 1107 1374 1173 Aer,

299 1210 407 1284 Terra;
422 1212 814 1295 potestatespareshissunt,
829 1212 1089 1297 frigidaderrida,
1104 1210 1203 1285 arida,
1217 1210 1374 1271 humida.»

299 1319 336 1378 Ιιι
351 1318 538 1399 potestatibus
557 1340 616 1378 non
636 1332 732 1379 servat
748 1318 880 1379 ordina·
893 1342 902 1379 a
917 1318 1105 1397 ethr'pr'durn
1118 1320 1237 1379 omnino
1252 1318 1291 1379 ad
1306 1318 1377 1377 sm

299 1423 423 1498 reseres,
440 1446 476 1485 ex
489 1423 561 1483 Stoa
576 1424 695 1506 quidem
708 1424 841 1485 decretis.
858 1426 943 1507 Apud
957 1424 1123 1485 Ciceronem
1134 1426 1173 1483 ita
1184 1424 1301 1483 Stoicus
1312 1422 1378 1483 Bai-

300 1534 356 1595 bus
369 1530 421 1616 (11
436 1534 481 1591 De
495 1529 579 1615 Nat.)
594 1555 603 1591 ε
620 1558 635 1588 ι
649 1533 717 1615 Ipse
739 1554 810 1594 veru
830 1554 890 1608 aer,
904 1534 954 1616 qui
972 1545 1073 1593 natura
1090 1544 1132 1593 est
1148 1533 1277 1593 maxime
1294 1531 1378 1613 isigi-

301 1640 374 1713 dus,
404 1640 523 1699 minime
544 1652 588 1701 est
609 1661 712 1721 expers
733 1641 846 1713 calens.
865 1666 879 1693 ι
900 1640 1008 1699 Caloris
1028 1660 1132 1719 nempe
1154 1637 1328 1711 adventitii,
1349 1652 1378 1695 nt

301 1744 408 1806 subdit.
427 1745 501 1820 sed,
514 1744 653 1824 sn'gs'cho
670 1744 750 1821 dixi,
769 1748 811 1807 uti
829 1766 927 1807 omnes
946 1745 1007 1807 iem
1024 1746 1089 1805 libri
1103 1766 1111 1803 r
1124 1742 1259 1803 Lambini
1277 1764 1378 1825 magna

300 1853 459 1927 temerius,
479 1854 546 1934 qui,
564 1852 709 1923 hamilem
725 1850 817 1913 edidit
830 1852 972 1934 imperite.
993 1850 1054 1911 Etsi
1070 1851 1192 1913 fatemur
1200 1848 1376 1922 Humidum,

300 1958 356 2017 sed
377 1979 436 2017 aon
461 1960 554 2040 primo
574 1958 679 2018 nostris
699 1980 772 2037 pose.
794 1958 862 2019 Fuit
878 1970 974 2019 tamen
994 1978 1088 2038 nuper
1108 1957 1152 2017 vir
1169 1955 1376 2038 philosophus,

300 2066 351 2147 qni
369 2076 402 2124 ut
414 2058 531 2145 copulae
548 2064 611 2123 illas
626 2065 786 2126 Aristotelis
796 2084 854 2125 non
865 2066 1000 2139 violaret,
1017 2062 1163 2145 Frigidum
1178 2062 1299 2144 pridem
1310 2104 1319 2137 ,
1332 2060 1379 2120 sed

301 2184 398 2236 tamen
416 2170 529 2230 Siecnm
545 2172 749 2253 pronunciaret
762 2194 771 2230 a
784 2183 871 2257 atque
887 2172 927 2253 ita
946 2172 1072 2231 siccitate
1091 2190 1156 2229 oum
1173 2171 1258 2251 igne,
1275 2168 1379 2251 frigore

302 2298 369 2338 cum
385 2299 460 2359 aqna
475 2280 604 2341 sociaret.
621 2278 680 2339 Sed
697 2278 729 2339 ia
746 2280 882 2341 saneah
897 2300 928 2339 re
944 2278 1057 2339 videmr
1072 2300 1081 2336 ι
1097 2276 1227 2336 ettribm
1249 2276 1289 2334 ita
1309 2274 1379 2335 Ele·

302 2384 408 2444 mentis
424 2382 585 2446 Siceitatem
600 2384 687 2465 Stoici
699 2385 825 2461 donent,
847 2386 930 2468 igni,
948 2382 1148 2457 semum.
1167 2381 1246 2441 Mal·
1261 2383 1377 2441 mixtio:

302 2504 332 2553 ct
351 2490 388 2551 ad
412 2492 491 2573 ignis
512 2486 714 2553 coercitionem
735 2514 769 2553 ao
791 2492 978 2575 temperiem,
993 2490 1104 2551 ‘meliors
1125 2510 1159 2549 ac
1183 2487 1380 2570 pmridmrtioa

302 2598 410 2659 Natura
427 2596 594 2682 (jugatione
609 2600 658 2659 sila
676 2596 803 2680 omissa)
821 2600 999 2659 contrarium
1013 2594 1195 2657 Elementum
1211 2596 1378 2675 subjunxit,

303 2706 427 2775 motoria
437 2718 534 2767 tamen
545 2708 661 2766 raritate
677 2724 834 2767 consonum
851 2718 880 2765 et
892 2704 1075 2768 conveniens.
1090 2704 1192 2787 iieqne
1203 2702 1284 2765 alind
1295 2703 1380 2763 Stoici

305 2813 352 2872 hic
368 2826 489 2875 mutant.

617 2989 934 3053 DISSERTATIO
965 2990 1059 3053 XVI.

303 3165 402 3250 Aque,
417 3166 666 3248 etpracrpunejus
679 3190 750 3248 pura
764 3164 1276 3237 Mare.1drerramc1'rnonzt,r'nir,
1290 3166 1376 3244 mbo,

634 3274 771 3333 ωἰιωὶιιηι
785 3272 847 3354 ejus
862 3282 891 3333 et
905 3272 1042 3351 impono.

342 3453 425 3527 Aona
439 3455 578 3535 sequium,
590 3453 687 3513 Tem
697 3453 820 3513 mixtum
829 3452 1004 3523 elementum
1016 3494 1025 3524 ‚
1038 3462 1068 3510 et
1079 3472 1146 3511 oum
1165 3472 1200 3516 ea
1218 3449 1289 3509 facit
1301 3472 1384 3511 auum
1452 3468 1453 3471 ’

303 3560 431 3642 globum.
450 3556 512 3618 Etsi
529 3558 648 3640 quidam
659 3556 812 3631 dividunt,
829 3570 858 3618 et
866 3559 968 3617 volunt
978 3556 1059 3617 stare
1070 3558 1186 3639 propn'o
1197 3554 1385 3617 Elementum

304 3686 387 3738 esso,
411 3677 439 3725 et
459 3686 476 3725 o
495 3678 571 3725 terre
591 3664 762 3743 sejunctum.
786 3662 868 3725 Philo
888 3662 942 3723 hoc
965 3674 1083 3745 aperte,
1102 3662 1141 3723 ad
1163 3663 1254 3723 verba
1274 3662 1386 3744 Moysis

304 3770 363 3855 (de
377 3770 482 3853 Opifie.
501 3766 650 3853 Mondi)=
666 3796 680 3824 a
692 3768 769 3829 Fons
787 3770 959 3830 ascendebat
974 3790 992 3827 e
1008 3778 1105 3843 terra,
1126 3780 1156 3827 et
1168 3768 1310 3850 irrigabat
1323 3788 1387 3827 om-

303 3900 371 3939 nem
397 3881 577 3961 superficiem
598 3880 670 3958 ejus.
695 3878 770 3937 Nam
797 3879 845 3937 alii
871 3876 1054 3959 philosophi,
1082 3876 1195 3957 inquit,
1217 3876 1386 3936 universam

302 3989 415 4069 Aquam
435 3984 617 4047 Elemenmm
634 3987 810 4046 constituunt
833 4006 923 4045 unum
946 3996 1111 4066 eqrutuor,
1131 3984 1239 4066 quibus
1256 3983 1386 4043 mundus

303 4095 492 4175 componitur.
511 4094 550 4153 it
570 4092 686 4175 Moyses
705 4092 862 4153 acrioribus
879 4092 970 4151 oculis
990 4092 1075 4152 etiam
1092 4090 1191 4151 dissita
1211 4102 1242 4151 et
1260 4090 1387 4149 obscum

303 4198 454 4281 pervidere
461 4200 570 4272 soiitos,
583 4198 767 4261 Elementum
777 4211 875 4261 censet
883 4220 946 4259 esse
952 4218 1087 4281 napum
1097 4198 1180 4259 Mare
1189 4210 1326 4279 quartam
1336 4218 1387 4257 re-
