2950 4934
239 400 488 471 rnrs1ou.
512 400 767 473 sr01coa,
793 384 890 471 uie.
918 398 994 470 111.
1090 406 1159 499 ⁶³9
1205 480 1207 483 ,

76 544 215 619 bonius,
237 543 314 605 erit?
336 543 394 607 Sed
415 566 509 626 noque
531 543 616 605 facile
641 546 766 628 cogitare
792 558 853 621 cst,
878 545 1036 607 animantes
1060 566 1159 609 omnes

75 661 216 720 aeterum
234 661 264 711 et
276 662 310 711 ut
323 648 425 733 fragile
439 649 494 711 boc
508 672 542 712 ae
555 650 694 724 mortale,
710 650 784 711 nuti
800 663 894 713 ortum
914 662 963 713 aut
985 652 1098 715 initium
1113 654 1158 713 sui

76 754 227 815 inscribat.
244 754 323 815 Alios
337 756 425 837 igitur
438 753 607 830 audiamus,
619 757 690 817 etin
700 758 736 817 iis
748 756 892 817 Particum
902 768 1039 819 nostram.
1058 785 1072 811 a
1085 756 1158 821 Nam

74 860 129 940 qni
143 858 274 921 homines
288 859 399 941 aliquos
411 861 615 943 primigenios,
628 862 669 921 ait
678 860 784 923 iterum
796 860 987 937 Censorinus,
1003 861 1156 941 divinitus,

76 979 234 1041 naturave,
251 965 340 1028 factos
355 967 525 1042 crederent,
543 966 627 1029 multi
644 967 763 1030 luerunt
781 990 790 1028 a
812 967 865 1029 scd
879 969 962 1031 aliter
976 980 1061 1051 atque
1075 960 1158 1032 aliter

75 1074 109 1132 in
121 1072 178 1133 bac
192 1074 402 1134 existimatione
415 1075 530 1135 versati
547 1072 620 1133 Nam
634 1085 667 1133 ut
680 1075 826 1149 omittam,
841 1073 920 1155 quod
933 1072 1074 1137 fabulones
1086 1097 1158 1157 poe-

73 1192 172 1241 tarum
191 1178 315 1241 historiae
336 1179 453 1255 lerunt,
474 1181 582 1262 primos
605 1178 737 1241 homines
759 1193 809 1241 aut
826 1180 988 1241 Promethei
1000 1179 1081 1243 ¹molli
1095 1183 1158 1245 luto
1254 1234 1259 1253 ,

42 1338 45 1343 .
73 1285 233 1359 formatos,
248 1297 297 1345 aut
319 1286 501 1348 Deucalionis
521 1284 693 1368 Pyrrbnque
713 1286 795 1349 duris
814 1285 958 1371 lapidibus
974 1308 1036 1348 esse
1050 1301 1154 1349 natos:

73 1391 194 1473 quidam
204 1414 242 1452 ex
252 1392 322 1472 ipsis
332 1391 483 1473 Sapientia
494 1390 719 1473 professoribus,
731 1392 829 1453 nescio
840 1414 877 1451 an
889 1394 980 1475 magis
993 1405 1157 1453 monstruo-

73 1517 140 1571 sas,
156 1508 236 1559 certe
249 1519 309 1557 non
323 1498 419 1558 minus
434 1496 616 1559 incredibiles
635 1498 779 1557 munuum
796 1518 912 1557 suarum
928 1497 1079 1581 proferunt
1091 1501 1156 1581 opi·-

72 1604 187 1663 niones.
211 1603 427 1665 Anaximander
443 1601 595 1678 Milesius,
612 1602 705 1664 videri
719 1604 775 1663 sibi
791 1624 829 1665 ex
846 1606 928 1686 Aqua
944 1604 1090 1686 Terraque
1104 1628 1155 1665 ea-

70 1709 203 1785 lelactis,
219 1724 333 1771 exortos
348 1730 410 1771 ease
424 1712 485 1771 sive
498 1712 610 1793 pisces,
624 1712 685 1771 sive
698 1710 825 1793 piscibus
839 1712 942 1771 similia
956 1714 1090 1773 animalia
1101 1737 1110 1771 a
1122 1716 1152 1774 in

71 1818 119 1877 bis
135 1817 265 1877 homines
279 1818 476 1893 concrevisse,
498 1816 642 1899 foetusque
662 1817 700 1877 ad
714 1818 895 1898 pubertatem
911 1818 988 1879 intus
1004 1830 1128 1879 retentos
1144 1844 1151 1887 ;

72 1934 144 1982 tunc
158 1922 276 1984 demum
292 1925 385 2006 ruptis
398 1924 473 1997 illis,
489 1924 566 1985 viros
578 1922 789 2005 mulieresque,
806 1923 856 2003 qui
870 1944 901 1983 se
914 1925 972 2003 jam
987 1924 1063 1985 alere
1079 1947 1152 2005 pos-

71 2040 158 2104 sent,
180 2030 362 2111 processisse.
389 2028 580 2111 Empedocles
600 2040 695 2091 autem
716 2030 811 2110 primo
834 2028 964 2089 membra
986 2030 1098 2113 singula
1114 2053 1151 2093 ex

71 2149 150 2195 terra
163 2136 245 2217 quasi
259 2147 423 2218 pregnante
433 2136 564 2218 ,passim
578 2134 671 2211 edita,
688 2134 793 2195 deiude
808 2138 909 2196 coiisse
920 2148 949 2196 et
961 2138 1087 2197 effecisse
1103 2160 1151 2197 eo-

69 2242 125 2302 lidi
137 2242 259 2303 bominis
269 2225 433 2316 materiam,
445 2243 505 2325 igni
516 2241 601 2303 simul
610 2241 758 2303 etbumori
770 2242 953 2325 permixtam.
965 2244 1034 2303 Haec
1048 2243 1148 2304 cadem

70 2350 171 2431 opinio
178 2350 263 2409 etiam
271 2350 301 2408 in
310 2348 607 2410 Parmenidevelin...
618 2346 736 2422 Stefuit,
747 2349 876 2431 pauculis
886 2350 1024 2429 exceptis,
1035 2350 1071 2409 ab
1081 2348 1149 2409 Em-

70 2455 193 2537 pcdoele
207 2455 352 2517 dacusa.
368 2454 533 2515 Democrito
546 2477 615 2515 vero
629 2454 771 2516 Abderita
787 2476 822 2515 ex
836 2456 917 2535 Aqua
931 2454 1068 2537 limoque,
1084 2458 1148 2538 pri-

68 2584 152 2623 mum
165 2564 258 2623 risum
278 2574 321 2623 est
341 2560 472 2621 bomines
485 2572 659 2643 procreatos.
676 2560 736 2621 Nec
752 2559 836 2642 longe
852 2581 933 2619 secus
948 2559 1107 2642 Epicurus;
1123 2564 1147 2622 is

67 2671 150 2729 enirn
164 2669 304 2743 credidit,
320 2668 390 2728 limo
406 2666 542 2745 calefacto
555 2680 669 2740 uteros,
687 2666 783 2726 nescio
799 2688 891 2747 quos,
907 2665 1050 2727 radicibus
1066 2682 1146 2729 terrm

66 2776 242 2835 coherentes
262 2776 388 2857 primum
404 2774 576 2849 increvisse,
600 2783 629 2832 et
650 2769 806 2831 infantibus
827 2792 864 2831 ex
884 2792 915 2831 sc
937 2769 1037 2845 editis,
1062 2773 1146 2855 inge-

66 2884 163 2940 nitum
177 2880 258 2941 laetis
272 2880 421 2941 bumorem
436 2878 573 2939 Neaeram
587 2878 794 2939 ministrantem
809 2876 962 2958 prebuisse
982 2900 990 2935 a
1011 2898 1083 2959 quos
1105 2880 1144 2939 ita

66 2986 207 3047 educatos
228 2998 257 3046 et
278 2985 390 3045 adultas
415 3007 505 3068 genus
528 2985 677 3045 bominum
701 3004 885 3066 propagasse.
909 2984 986 3043 Zeno
1004 2984 1141 3060 Cittieus,

63 3092 168 3152 stoica
182 3103 264 3151 seete
279 3091 428 3165 eonditor,
441 3092 618 3173 principium
635 3090 761 3149 bumana
777 3090 875 3173 generi
890 3110 926 3149 cx
942 3110 1016 3151 novo
1030 3092 1142 3153 Mundo

63 3199 252 3259 constitutum
265 3198 392 3281 putavit,
407 3198 572 3279 primosque
586 3196 716 3256 homines
733 3218 770 3256 cx
786 3196 846 3255 solo
863 3195 1036 3257 adminiculo
1051 3197 1140 3259 divini

63 3307 161 3389 ignis,
177 3305 277 3380 idest,
291 3303 347 3365 Dei
357 3302 555 3387 providentia,
567 3304 688 3386 genitos.
704 3303 837 3385 Denique
851 3303 937 3363 etiam
947 3304 1032 3387 vulgo
1043 3306 1141 3367 credi-

62 3426 130 3473 tum
144 3424 205 3487 est,
220 3410 408 3493 quarumdam
422 3411 550 3493 gentium
557 3410 709 3491 principes
723 3409 881 3491 terrigenas
896 3429 975 3483 esse,
992 3422 1024 3469 ut
1038 3412 1068 3475 in
1082 3413 1141 3473 At-

62 3521 172 3593 tica,et
180 3516 533 3597 Arcadia,Tbessaliaque,
544 3537 650 3597 eosque
660 3514 984 3577 Antocbtbonasvocari.
997 3542 1011 3569 a
1024 3516 1138 3599 Septem

59 3626 222 3688 sententias
229 3624 277 3686 bic
286 3622 374 3684 babes
380 3622 464 3683 valde
474 3634 524 3682 aut
532 3622 635 3683 leviter
642 3622 788 3683 dissonase
802 3643 819 3683 e
833 3622 937 3704 quibus
952 3625 1044 3705 prima
1061 3624 1138 3686 Poe-

61 3747 161 3793 tarum
176 3744 234 3804 est,
250 3732 301 3812 qui
317 3729 407 3808 eluto
424 3741 473 3789 aut
486 3728 629 3811 lapidibus
641 3727 783 3802 tomani,
802 3727 890 3810 idque
903 3727 1028 3791 bumana
1038 3753 1134 3815 opera.

61 3836 188 3897 Fabella
197 3848 280 3897 notae.
293 3835 389 3895 Altera
401 3846 445 3895 est
455 3832 678 3907 Anaximandri,
691 3834 741 3915 qui
751 3855 787 3893 ex
795 3833 877 3917 Aqua
888 3833 1004 3895 etLimo
1015 3835 1134 3899 sarmata

60 3946 202 4005 hacteuus
216 3942 294 4004 baud
306 3944 429 4024 pessime
439 3964 448 4000 a
459 3935 513 4001 sed
526 3940 605 4021 quod
618 3940 649 3999 in
663 3927 755 4023 pisces
767 3942 878 4022 primo,
895 3956 924 4001 et
937 3964 954 4002 e
965 3943 1090 4025 piscibus
1104 3947 1133 4006 in
1226 4000 1233 4016 ,

58 4052 193 4113 bomines
203 4096 212 4127 ,
225 4052 255 4112 id
265 4063 422 4111 monstrum
437 4060 487 4108 aut
496 4047 629 4108 delirium
638 4048 721 4129 sapit.
731 4046 770 4107 Et
780 4069 848 4107 vero
860 4050 938 4129 apud
949 4048 1132 4111 Plutarchum

58 4157 118 4240 (de
130 4156 207 4219 Plac.
220 4179 284 4238 cap.
301 4154 423 4238 18)alia
442 4166 484 4215 est
505 4152 712 4215 Anaximandri
734 4154 874 4215 sententia
894 4177 903 4213 a
926 4182 940 4209 a
955 4156 982 4215 in
1004 4156 1132 4217 Humido
