2950 4934
294 421 371 508 tto·
689 419 981 492 excusans

296 552 410 620 multis
424 551 530 630 rebus
541 552 689 634 carebis,
703 577 788 645 quas
801 575 847 622 ne
858 551 1009 638 videres,
1024 550 1077 620 vel
1091 549 1237 620 eruendi
1251 553 1380 620 erant?

294 675 371 741 Non
398 668 564 763 intelligis
588 687 721 765 partem
743 672 954 754 innocentie,
974 691 1047 738 esse
1065 669 1265 740 cecitatem.
1287 672 1379 738 Huic

296 785 386 856 oculi
399 781 604 854 adulterium
618 801 825 878 monstrant,
843 785 926 857 huic
937 786 1123 869 incestum,
1139 785 1221 856 huic
1236 783 1376 854 domum

298 925 401 996 quom
423 902 660 994 concupiscat,
680 899 764 970 huie
790 901 933 984 urbem,
955 919 990 970 et
1012 902 1101 972 mala
1125 902 1250 1000 omnia.
1273 902 1377 970 Certe

295 1022 507 1090 irritamenta
527 1035 607 1100 sunt
622 1019 783 1096 vitiorum
803 1017 975 1112 duceque
989 1019 1169 1090 scelerum.

343 1137 449 1206 Amisi
470 1135 609 1204 liberos.
629 1136 761 1205 Stultus
783 1159 840 1219 es,
859 1138 919 1228 qui
936 1133 1062 1206 defleas
1086 1151 1229 1206 mortem
1246 1149 1378 1204 morta-

294 1251 391 1320 lium.
408 1249 505 1344 Quid
522 1247 615 1318 istud
630 1265 691 1318 aut
702 1269 829 1320 novum
842 1299 852 1332 ‚
866 1267 925 1322 ant
941 1252 1065 1320 mirum
1079 1265 1130 1319 est
1141 1251 1157 1317 l
1168 1249 1284 1340 Quam
1298 1273 1378 1317 rara

295 1370 437 1446 estsine
454 1370 521 1436 isto
539 1391 620 1438 casu
639 1364 785 1436 domus?
802 1367 899 1461 Quid
916 1369 945 1436 si
964 1367 1135 1439 infelicem
1152 1389 1255 1436 voces
1271 1366 1378 1434 arbo-

296 1506 391 1566 rem,
415 1480 506 1572 quod
522 1495 633 1549 stante
647 1481 722 1574 ipsa
737 1480 865 1564 cadunt
880 1503 978 1575 poma
991 1483 1006 1550 Ρ
1024 1498 1059 1550 et
1074 1479 1133 1552 hic
1148 1497 1226 1553 tuus
1243 1479 1378 1550 fructus

298 1614 363 1666 est.
376 1600 484 1666 Nemo
499 1611 593 1665 extra
608 1597 713 1665 ictum
732 1597 885 1667 vulneris
902 1599 1033 1692 positus
1046 1613 1111 1667 est.
1134 1601 1319 1668 Ducuntur
1335 1619 1377 1664 er

295 1713 430 1806 plebeia
457 1712 556 1782 domo
582 1713 766 1784 immatura
789 1713 932 1799 funera,
951 1713 1125 1787 ducuntur
1141 1731 1177 1784 ct
1198 1738 1239 1782 ex
1262 1715 1375 1808 regia.

297 1835 374 1928 Non
386 1829 537 1899 estidem
556 1828 639 1900 ordo
653 1831 733 1914 fati,
749 1832 858 1923 quiet
875 1832 996 1900 etatis.
1012 1833 1088 1903 Non
1102 1830 1273 1924 quomodo
1284 1833 1381 1922 quis-

296 1971 363 2039 que
382 1946 499 2030 veuit,
526 1947 678 2016 emittitu
699 1997 707 2012 .
726 1944 824 2039 Quid
842 1962 955 2016 tamen
975 1945 1139 2038 estquod
1163 1945 1381 2037 indigneris?

295 2061 392 2156 Quid
410 2077 535 2130 contra
552 1971 836 2175 exspepfationem
855 2077 956 2132 tunm
967 2065 1109 2132 evenit?
1123 2064 1265 2135 Periere
1279 2062 1379 2155 peri·

295 2180 378 2247 turi.
394 2177 463 2246 Sed
480 2202 545 2270 ego
562 2177 638 2247 illos
653 2179 853 2272 superstites
865 2179 1036 2274 optabam.
1053 2181 1180 2250 Verum
1194 2178 1261 2248 hoc
1275 2201 1380 2248 nemo
1471 2253 1472 2288 1

296 2295 359 2364 tibi
375 2295 587 2389 promiserat.
605 2297 792 2364 Perierunt
807 2295 908 2364 liberi
925 2298 1004 2366 mei.
1024 2296 1203 2370 Habebunt
1216 2295 1267 2367 illi
1278 2295 1380 2390 cujus

298 2426 410 2482 essent
431 2411 540 2506 magis
565 2436 667 2502 quam
690 2414 740 2479 tui
759 2439 768 2478 ι
788 2411 880 2504 apud
902 2428 936 2479 tc
961 2415 1117 2505 precario
1141 2412 1376 2482 morabantur.
1471 2405 1472 2466 i

296 2528 501 2621 Educaudos
517 2527 580 2594 tibi
598 2528 736 2597 fortuna
761 2525 981 2598 mandaverat
1004 2555 1012 2595 ι
1041 2531 1171 2622 recepit
1186 2529 1284 2611 illos,
1305 2553 1381 2598 non
1471 2501 1472 2558 l

299 2646 452 2716 abstulit.

348 2761 570 2855 Naufragium
598 2761 678 2829 feci.
712 2761 835 2854 Cogita
861 2785 930 2830 uon
957 2762 1042 2853 quid
1070 2762 1283 2855 perdideris,
1316 2761 1381 2830 sed
1471 2817 1472 2856 3

301 2877 393 2971 quod
405 2879 566 2946 evaseris.
581 2875 701 2964 Nudus
711 2875 874 2944 exin-Sed
886 2879 997 2948 existi.
1009 2879 1133 2954 Omnia
1145 2875 1296 2973 perdidi.
1309 2878 1383 2950 Sed
1471 2875 1472 2956 i

302 2999 418 3092 perire
431 2996 574 3088 potuisti
593 3017 756 3062 unacum
776 2991 945 3068 omnibus.
1471 3007 1472 3014 ’

351 3115 394 3182 Iu
414 3103 563 3190 latrones
587 3110 709 3182 incidi.
729 3111 798 3180 Sed
813 3111 902 3180 alius
923 3115 960 3189 in
981 3099 1212 3195 accusatores,
1232 3111 1322 3180 alius
1346 3113 1384 3180 in

305 3231 418 3313 fures,
444 3230 531 3300 alius
553 3231 591 3296 in
613 3227 838 3311 fraudatores.
864 3228 971 3301 Plena
991 3245 1043 3298 est
1065 3226 1197 3303 insidiis
1217 3227 1284 3296 via.
1300 3227 1385 3296 Noli

304 3347 468 3437 conqueri
479 3344 573 3437 quod
591 3342 782 3413 incideris:
803 3340 914 3438 gaude
934 3343 1027 3436 quod
1040 3344 1201 3414 evaseris.
1221 3342 1387 3412 Inimicos

306 3483 426 3552 graves
440 3457 563 3528 habeo.
584 3457 767 3551 Quomodo
785 3458 947 3526 adversus
965 3457 1052 3539 feras
1073 3458 1280 3526 munimenta
1294 3479 1387 3526 con·

308 3577 433 3668 quiris,
445 3573 616 3667 quomodo
633 3573 798 3644 adversus
811 3590 989 3668 serpentes
1004 3597 1011 3637 :
1029 3575 1079 3644 sic
1090 3574 1252 3644 adversus
1265 3574 1387 3641 inimi-

261 3741 266 3748 ·
308 3715 366 3762 cos
394 3692 519 3762 auxilia
548 3693 789 3786 circumspice,
818 3691 942 3784 quibus
973 3690 1050 3760 illos
1076 3707 1135 3758 aut
1161 3711 1295 3774 arceas,
1323 3706 1389 3758 aut

211 3799 216 3805 ’
308 3833 525 3904 compescas,
553 3824 632 3895 aut,
661 3807 755 3902 quod
778 3809 941 3903 optimum
965 3823 1037 3891 est,
1068 3807 1193 3900 places.
1222 3807 1390 3878 inimicos

310 3928 435 3997 habeo.
452 3926 546 3997 Illud
555 3942 606 3996 est
624 3927 739 4020 pejus,
759 3925 851 4018 quod
864 3924 988 3994 amicos
1001 3947 1071 3997 non
1084 3922 1202 3992 habes.

360 4045 516 4128 Amicum
538 4042 689 4138 perdidi.
716 4045 791 4112 lam
807 4044 899 4113 enim
922 4041 955 4110 te
976 4039 1137 4111 habuisse
1155 4025 1284 4110 certum
1306 4043 1390 4110 est?

313 4160 466 4228 Amicum
483 4157 633 4255 perdidi.
649 4157 765 4227 Alium
783 4181 899 4251 quaere
916 4159 1037 4228 :stibi
1057 4182 1135 4228 euru
1154 4179 1304 4251 querar,
1325 4157 1389 4226 ubi
