2950 4934
306 463 373 552 334
593 451 635 528 L.
661 454 838 526 ANNAEI
861 453 1080 530 sssttsscffi

305 611 386 680 ret,
415 589 485 662 illis
506 594 618 661 inesse
644 589 793 660 nocituri
822 589 1025 672 scientiam,
1054 613 1122 658 non
1149 590 1384 686 experimento

305 713 482 783 collectam
503 735 513 778 t
533 733 635 793 nam,
660 721 842 799 antequam
867 705 1022 799 possint⁸
1050 707 1220 800 experiri,
1245 723 1381 775 cavent.

257 881 264 894 .
305 826 463 914 Deinde,
485 850 530 895 ne
546 825 613 894 boc
635 845 717 893 oasu
738 821 910 891 existimes
928 822 1030 908 lieri,
1055 845 1120 891 neo
1144 838 1303 892 metuunt
1319 823 1386 890 alia

306 969 410 1040 quam
426 941 593 1026 debent⁸‚
614 964 681 1009 neo
702 963 854 1031 unquam
873 937 1123 1008 obliviscuntur
1140 940 1242 1033 hujus
1270 941 1385 1009 tutelae

308 1079 343 1133 et
359 1061 547 1157 diligentias
568 1083 578 1126 z
597 1057 737 1152 oequalis
753 1069 805 1125 est
820 1053 889 1123 illis
904 1077 925 1124 a
941 1058 1134 1149 pernicioso
1150 1057 1242 1150 luga.
1261 1059 1388 1127 Praete-

308 1201 380 1261 rea,
395 1200 466 1245 non
476 1177 564 1244 finnt
578 1172 752 1242 timidiora
763 1171 922 1242 vivendo.
934 1175 983 1241 Ex
995 1197 1063 1266 quo
1077 1173 1215 1266 quidem
1227 1191 1385 1268 apparet,

308 1316 378 1362 non
390 1314 455 1359 usu
470 1290 529 1358 illa
541 1291 578 1358 in
593 1289 658 1356 hoo
669 1277 888 1382 pervenire³,
905 1284 965 1355 sed
978 1288 1125 1356 naturali
1138 1311 1254 1356 amore
1268 1285 1389 1356 salutis

309 1432 388 1478 suae.
410 1411 454 1475 Et
471 1405 607 1474 tardum
625 1420 696 1487 est,
717 1419 753 1473 et
768 1405 924 1488 varium,
943 1403 1036 1496 quod
1050 1429 1131 1474 usus
1145 1403 1243 1472 docet
1261 1430 1270 1472 ι
1285 1403 1389 1496 quid-

310 1524 397 1619 quid
414 1539 537 1593 natura
553 1521 683 1608 tradit,
700 1537 735 1590 et
747 1521 876 1613 aequale
892 1520 1048 1590 omnibus
1065 1535 1138 1603 est,
1155 1523 1334 1590 utstatim.
1352 1523 1387 1591 si

308 1657 422 1708 tamen
435 1628 582 1730 exigisl,
598 1633 730 1718 diuam,
751 1635 920 1727 quomodo
938 1657 1037 1703 omno
1052 1633 1176 1704 animal
1193 1637 1389 1729 perniciosa

309 1753 502 1848 intelligere
511 1767 667 1823 conetur.
678 1753 789 1822 Sentit
801 1775 836 1820 se
847 1775 949 1820 carne
961 1767 1116 1820 constare
1130 1775 1138 1818 ι
1151 1753 1267 1844 itaquo
1282 1777 1387 1844 quum

310 1862 452 1954 sentit⁵,
473 1866 560 1961 qnid
576 1869 641 1951 sit,
663 1889 732 1960 quo
749 1866 857 1934 senari
873 1889 976 1950 caro,
1002 1889 1070 1960 quo
1089 1867 1167 1949 uri,
1186 1889 1256 1959 quo
1276 1866 1389 1934 obteri

310 1986 437 2083 possit,
458 2007 535 2078 quoe
551 1985 620 2052 sint
637 1982 797 2051 animalia
815 1997 943 2051 armata
961 1980 1005 2050 ad
1025 1982 1216 2051 nocendum
1233 2011 1242 2071 3
1263 1981 1388 2052 borum

312 2103 459 2197 speciem
477 2100 582 2168 trabit
600 2099 773 2167 inimioam
790 2113 824 2166 et
836 2097 1008 2166 hostilem.
1028 2101 1123 2167 Inter
1141 2122 1178 2168 se
1195 2093 1285 2166 ista⁶
1300 2123 1391 2167 oon-

309 2220 429 2313 juncta
439 2230 518 2284 sunt
533 2215 654 2284 :simul
668 2216 761 2283 enim
774 2191 977 2283 conciliatur
989 2213 1087 2282 saluti
1100 2237 1169 2284 suas
1188 2214 1387 2307 ’quodqua
1445 2295 1447 2300 ¹

315 2350 368 2418 et,
389 2355 464 2426 quae
479 2331 621 2425 juvant,
649 2329 709 2398 illa
734 2329 842 2423 petit3
868 2329 990 2398 laesura
1010 2328 1179 2398 formidat.
1208 2331 1390 2399 Naturales

351 2548 373 2582 s.
386 2527 504 2582 Possint.
514 2525 564 2578 Ma.
579 2544 606 2576 o.
620 2529 733 2594 possent.
746 2521 828 2576 selo.
875 2523 990 2576 Fortasse
1003 2541 1049 2594 pro
1063 2525 1151 2592 itaque
1165 2521 1329 2578 scribendum
1338 2537 1391 2577 erat

346 2626 371 2658 a.
378 2605 439 2658 Non
444 2612 564 2657 metuunt
571 2603 628 2654 olio
638 2619 720 2669 quom
729 2599 827 2651 debent.
874 2606 913 2655 t'to
923 2621 1013 2670 quum.
1028 2603 1147 2676 Superest
1158 2623 1217 2656 vero
1229 2603 1306 2656 etism
1318 2603 1392 2658 vesti-

313 2689 362 2740 lstt.
374 2703 428 2736 nost
438 2693 555 2736 metuunt
566 2679 617 2732 alia
628 2695 705 2749 qnam
715 2695 773 2748 quse
783 2676 828 2730 ds·
876 2681 948 2750 giam
963 2671 1038 2752 huius
1049 2680 1179 2753 particulas
1190 2699 1271 2750 quum
1280 2681 1322 2735 vel
1331 2701 1390 2734 sum

313 2761 375 2815 beot
386 2773 507 2814 munere.
876 2758 903 2811 iss
918 2753 971 2814 Pal.
985 2759 1066 2824 s‚3et
1077 2758 1135 2812 Col.
1144 2759 1171 2812 in
1182 2759 1275 2830 quibos
1283 2779 1392 2814 consos-

346 2843 653 2918 &Isshocperoessimsie
661 2863 691 2896 ex
699 2861 770 2894 more
783 2841 827 2894 Ss-
875 2840 906 2890 tit
916 2837 1048 2904 scribitur,
1059 2837 1129 2909 quod
1139 2858 1168 2890 ex
1177 2843 1334 2905 cumsents't,
1345 2851 1392 2892 etr.

315 2946 400 2996 neon,
414 2926 506 2980 dedere
517 2945 544 2978 o.
554 2943 576 2976 c.
585 2925 620 2976 A.
628 2919 714 2993 Vulgo
724 2921 764 2972 ad
771 2919 825 2984 bos,
876 2927 1029 2984 corruptum.
1042 2913 1123 2970 Setun.

316 3027 347 3060 ex
358 3005 394 3056 R.
407 3004 488 3059 Sctw.
909 2991 934 3044 6.
953 2994 1029 3046 Inter
1044 3011 1072 3046 se
1082 2998 1145 3046 isto.
1159 2990 1244 3046 linbk.
1261 2991 1368 3062 explieat
1384 3007 1393 3042 s

349 3085 374 3149 6.
386 3080 420 3135 Ss'
430 3092 518 3134 tomen
528 3080 616 3146 exigis
631 3075 676 3129 rel.
686 3075 790 3136 Vereor,
801 3084 830 3125 ut
879 3070 1004 3123 Salutaris
1014 3069 1172 3123 etmortilera
1181 3087 1188 3132 ;
1196 3087 1253 3140 que
1260 3068 1393 3141 explicatio

317 3157 364 3212 bae
376 3157 541 3230 explicatione
552 3165 596 3208 τοῦ
608 3153 831 3226 quemadmodum
879 3147 1008 3212 tenebras,
1019 3147 1040 3198 si
1050 3165 1106 3217 qua
1114 3147 1178 3213 sint,
1189 3161 1303 3200 excutere
1313 3147 1395 3199 mini-

318 3235 472 3306 acquieverit
480 3234 635 3306 Epicureus:
647 3245 671 3284 at
681 3231 758 3284 satius
770 3231 832 3282 lais-
879 3243 921 3278 me
936 3223 1010 3277 nobis
1022 3223 1130 3277 videtur.
1143 3223 1236 3276 Sensus
1253 3237 1290 3276 est
1303 3243 1309 3276 ε
1323 3225 1371 3277 lsta
1385 3265 1394 3292 ,

317 3325 370 3379 set,
385 3331 442 3365 eam
460 3314 578 3364 omissam
596 3331 657 3364 ssu.
676 3313 745 3362 Nam
762 3327 832 3379 quo·
880 3321 970 3378 nempe
978 3301 1070 3355 sentire
1080 3303 1142 3374 quid
1149 3303 1179 3355 sit
1189 3323 1305 3374 quocaro
1314 3307 1395 3356 serari

317 3389 395 3443 modo
413 3389 490 3463 pulli,
507 3389 668 3460 infantesque
687 3388 754 3440 istud
773 3403 833 3438 sen·
880 3390 973 3453 potest,
989 3399 1047 3450 qua·
1057 3379 1106 3433 sint
1117 3381 1238 3434 animalis
1252 3395 1346 3438 armata
1360 3381 1395 3434 sd

317 3468 397 3533 tiant,
411 3467 473 3538 quid
490 3467 521 3519 sit
540 3487 591 3538 quo
608 3466 688 3518 secari
701 3483 774 3528 earo,
787 3475 832 3516 ete.
881 3458 1094 3521 nocendumetc.
1109 3473 1134 3511 et
1146 3459 1275 3512 mortifera
1285 3479 1331 3534 pro
1346 3459 1397 3512 ini·

318 3549 409 3620 possit,
421 3543 518 3599 etiamsi
528 3546 639 3597 sentiant
647 3563 673 3596 se
682 3563 758 3596 carne
770 3559 833 3595 eon·
881 3538 955 3590 mitis
963 3536 1171 3600 babere,interse
1179 3537 1394 3612 conjuncturam

319 3640 383 3680 stare
396 3622 410 3677 i
422 3624 511 3678 notk.
880 3617 951 3672 alind
963 3615 994 3669 ab
1005 3616 1054 3669 alio
1065 3616 1206 3669 necessario
1220 3616 1320 3689 pendet.

352 3709 375 3758 5.
388 3705 486 3772 Itaque
498 3721 581 3772 quum
594 3702 711 3763 senti!,...
722 3719 774 3767 quo
786 3697 833 3749 ob-
915 3717 938 3762 7.
951 3697 1195 3748 Conciliotursaloti
1202 3713 1258 3747 susa
1265 3697 1397 3764 quodque,

320 3787 369 3838 teri
376 3786 476 3850 possit,
493 3798 551 3851 poa
565 3781 619 3831 sint
629 3779 770 3840 animalia,
786 3789 833 3828 eto.
881 3784 916 3836 et,
928 3791 986 3843 qooe
992 3779 1096 3837 juvant,
1106 3775 1155 3825 itta
1164 3775 1237 3838 petit.
1249 3772 1312 3825 ttaec
1322 3771 1357 3824 ita
1367 3791 1398 3824 ax

321 3863 364 3916 stc
377 3874 444 3914 secte
454 3879 501 3912 ms.
510 3879 531 3912 a.
542 3869 566 3909 et
579 3856 619 3910 ed.
631 3856 755 3929 A.Vulgo
772 3856 835 3908 Ito·
883 3849 950 3904 sacili
963 3851 1069 3918 conject.
1086 3870 1101 3902 a
1117 3850 1190 3902 nobis
1204 3863 1314 3903 surrecta
1330 3865 1397 3904 sunt.

321 3959 371 4009 que
388 3940 487 3992 sensa..
506 3955 558 4006 qno
568 3937 650 3988 obteri
659 3941 753 4002 possit.
769 3933 836 4004 Qum
884 3929 969 4000 Vulgo
985 3931 1117 4000 quidque:
1127 3939 1152 3981 et
1164 3949 1222 3996 qum
1233 3935 1339 3992 juvant,
1351 3943 1398 3982 ete.

322 4017 537 4078 suntom'molio,
556 4026 603 4068 eto.
623 4013 657 4064 Es
675 4011 712 4063 sie
731 4009 835 4081 quidem
886 4007 943 4061 edd.
956 4027 985 4060 ex
994 4006 1029 4058 Il.
1043 4004 1170 4077 Quodque
1176 4013 1259 4070 jorot,
1274 4007 1323 4059 itta
1333 4012 1402 4076 petis

324 4097 363 4150 ed.
375 4095 410 4148 ll.
430 4107 455 4147 et
469 4113 550 4163 quum
569 4091 644 4144 etiam
663 4099 730 4143 taret
748 4107 795 4140 ros.
810 4107 837 4138 o.
888 4087 981 4142 dabant
988 4085 1043 4139 Pal.
1052 4087 1129 4149 s,3et
1136 4085 1191 4138 Col.
1201 4084 1327 4138 blendose
1334 4089 1403 4158 qnid

323 4174 368 4229 sed
381 4188 446 4228 reete
459 4173 527 4225 idem
540 4189 588 4223 ms.
599 4189 626 4225 o.
637 4168 697 4224 ‹lsin
712 4185 772 4237 qna
787 4169 837 4217 sint
887 4183 946 4235 pooe
956 4174 981 4218 et
989 4170 1082 4229 juvans
1089 4183 1136 4216 ms.
1143 4185 1170 4216 o.
1178 4175 1202 4216 et
1210 4163 1246 4217 sie
1259 4165 1312 4216 sere
1323 4162 1400 4215 etiam

325 4250 402 4306 babet
412 4271 469 4306 euro
481 4270 501 4302 c.
514 4250 550 4302 A.
563 4260 588 4300 et
600 4246 655 4300 Pal.
668 4265 699 4311 a,
713 4243 737 4296 3.
748 4255 772 4296 st
782 4243 839 4297 Col.
888 4259 908 4294 a.
923 4254 948 4293 et
961 4243 997 4294 A.
1008 4241 1090 4295 Salso.
