2950 4934
314 448 383 515 610
689 440 839 511 JUSTl
862 430 1026 513 hIPstl

313 586 467 659 mmmns,
492 584 566 667 quid
579 585 636 645 uisi
652 584 737 658 dicit,
755 606 890 668 magnam
905 586 985 647 illam
1003 584 1091 649 luime
1107 590 1228 652 insariam
1244 594 1336 653 statim
1351 596 1382 653 ah

311 696 469 778 Hispania,
488 694 539 753 ubi
559 715 638 753 nunc
651 694 780 776 reliquie
794 692 882 777 (uam
901 695 1038 757 illuvione
1058 697 1161 779 periit)
1183 712 1212 759 et
1231 701 1310 761 velut
1327 701 1382 761 irr-

313 800 712 885 gmentatotillainsularum
722 800 807 860 sunt?
819 802 1022 877 Canutius-um,
1035 803 1269 880 Formarum,
1282 820 1382 887 etqua

312 910 383 971 alias
402 922 463 969 tota
481 929 533 968 ora
553 906 675 983 atrion,
693 922 723 968 et
742 908 862 969 interior
876 908 972 970 habet.
997 937 1012 965 a
1025 908 1071 972 Ex
1087 912 1136 971 illa
1150 926 1259 986 nutem,
1276 916 1381 997 inquit,

311 1018 449 1078 nunnitus
462 1017 493 1076 in
508 1016 626 1075 insulas.
642 1040 657 1067 ι·
674 1014 776 1090 Quas?
792 1036 840 1076 aas
859 1032 923 1095 que
938 1020 1113 1078 nuncetiam
1128 1023 1279 1101 praejacent
1293 1024 1382 1082 conh-

309 1124 409 1196 nenti,
420 1120 547 1191 Culum,
562 1120 783 1201 Hapmiolom,
796 1116 974 1193 Jarnaicom,
993 1136 1021 1183 et
1034 1124 1142 1205 plures.
1161 1154 1176 1179 ι
1188 1127 1226 1185 ht
1239 1149 1275 1187 ex
1291 1129 1383 1187 insulis
1457 1178 1458 1215 ,

310 1234 342 1293 in
354 1234 447 1314 ipsam
458 1230 665 1289 continentem.
681 1253 696 1281 ι
711 1228 887 1299 Verissime;
902 1230 996 1289 statim
1015 1250 1052 1290 ex
1064 1232 1119 1291 illis
1130 1234 1176 1292 vel
1187 1236 1217 1292 in
1230 1232 1382 1295 Peruanum
1457 1216 1458 1263 l

308 1352 450 1410 tractum,
471 1337 518 1395 vel
540 1336 570 1395 in
591 1336 744 1394 vastiorem
767 1334 952 1395 Mexicanum
971 1338 1117 1397 transitur.
1142 1336 1180 1398 Et
1200 1338 1383 1401 (ἴοηίὺιιηιιπι
1457 1348 1458 1375 ³

310 1447 437 1527 appellat
448 1489 457 1517 ,
469 1444 524 1503 etsi
534 1443 628 1502 insule
638 1454 697 1514 est,
710 1441 763 1501 sed
774 1443 832 1515 ita,
845 1443 988 1523 monsedo
1001 1456 1096 1504 nostra
1111 1445 1169 1505 heo
1187 1468 1254 1526 pars
1275 1470 1291 1505 a
1309 1446 1384 1506 nobis

305 1554 444 1613 habitata.
461 1550 529 1609 Hac
544 1550 636 1631 magis
655 1560 748 1607 totum
765 1548 878 1609 Novum
894 1550 994 1609 orbem
1013 1552 1096 1611 uobis
1112 1556 1246 1633 aperiunt
1266 1566 1296 1613 et
1312 1576 1384 1613 esse
1457 1598 1458 1601 η

308 1672 395 1732 runt,
412 1680 500 1739 quam
510 1656 561 1715 ssla
570 1655 729 1715 Aristotelis
744 1656 774 1715 in
790 1655 976 1716 Admirandis
990 1656 1105 1717 traditio
1121 1682 1129 1716 s
1147 1684 1161 1711 ιι
1174 1660 1209 1717 In
1224 1662 1384 1720 marierun

307 1765 443 1827 llerculis
454 1765 619 1835 columnas,
635 1763 758 1822 insolam
773 1762 914 1823 desertam
925 1764 1070 1823 inventam
1086 1763 1188 1838 lisisse,
1203 1766 1275 1825 silva
1290 1789 1386 1827 nemo-
1457 1802 1458 1831 2

307 1894 419 1948 rosam,
436 1870 531 1931 fluviis
553 1870 763 1952 navigabilem,
781 1868 920 1929 iructibns
939 1870 1075 1945 uberem
1098 1873 1254 1933 multorum
1277 1875 1385 1934 dierum
1457 1948 1458 1969 χ

264 1955 268 1965 ⁸
308 1980 491 2062 navigatione
507 1977 677 2048 distantem,
691 1976 723 2034 iu
738 1996 826 2055 pram
847 1976 948 2035 crebm
970 1976 1218 2060 Carthaginienses
1241 2002 1386 2040 commea-
1457 2006 1458 2021 ¹

306 2088 382 2160 rint,
399 2086 526 2146 etmulti
542 2083 626 2143 sedes
641 2084 728 2142 mam
743 2082 878 2143 fixerint
892 2083 1063 2144 sedveritus
1078 2087 1235 2166 primores,
1251 2104 1291 2147 ue
1305 2090 1385 2147 nimis

303 2194 361 2251 loci
382 2192 459 2251 illius
480 2212 551 2271 opes
574 2189 824 2260 convalescerent,
850 2201 879 2248 ct
899 2189 1080 2273 Carthaginis
1096 2192 1280 2265 laberentur,
1297 2194 1386 2253 edicto
1457 2210 1458 2265 l

305 2300 431 2371 cavisse,
453 2309 487 2356 et
506 2318 592 2377 poena
604 2296 706 2377 capitia
724 2297 871 2370 sanxisse,
892 2298 1013 2379 nequis
1027 2320 1062 2358 eo
1082 2301 1232 2382 navigasse
1251 2300 1384 2383 deinceps
1457 2340 1458 2391 3

303 2407 432 2467 vellet.»
457 2403 542 2479 Quod
563 2424 664 2463 mum
684 2424 788 2463 censeo
803 2404 841 2463 de
855 2420 913 2463 una
934 2404 1031 2485 aliqua
1050 2427 1188 2467 noverum
1205 2408 1386 2468 insularum?

305 2515 374 2595 quia
389 2513 491 2572 malens
505 2512 566 2571 dies
579 2511 755 2592 navigationi
771 2510 913 2591 impendit
929 2534 937 2582 ;
953 2532 1049 2593 neque
1064 2514 1212 2593 probabile
1226 2516 1316 2598 igitur
1327 2517 1386 2575 Cn-

306 2621 417 2692 narias,
433 2630 483 2679 aut
496 2618 566 2677 alies
576 2618 702 2689 vicinas,
719 2614 818 2677 luisse.
835 2616 872 2677 Et
885 2638 954 2678 vero
969 2618 1006 2679 de
1019 2619 1123 2680 iisdem
1136 2624 1237 2695 terris,
1254 2626 1384 2704 quianon
1457 2632 1458 2635 ’

304 2728 381 2787 Aviti
404 2726 604 2787 declamatoris
615 2720 716 2807 (apud
729 2724 869 2785 Senecam
884 2724 998 2785 Suasor.
1022 2726 1053 2808 l)
1067 2728 1159 2787 libens
1178 2729 1228 2787 illu
1248 2730 1386 2810 accipiet?

307 2862 323 2888 a
340 2834 461 2894 Fertiles
483 2834 515 2891 in
537 2832 653 2891 Oceano
672 2831 768 2909 jacere
784 2842 891 2906 terras,
908 2833 1039 2913 utraque
1054 2832 1200 2893 Oceanum
1218 2856 1318 2893 narsus
1333 2836 1388 2897 alie

305 2936 419 3013 littora,
432 2940 521 2998 alium
532 2939 610 2997 nasci
622 2938 755 2996 orbem.»
766 2936 877 2995 Clarius
888 2958 946 2997 non
957 2940 1049 3018 potuit
1059 2940 1154 3012 effari,
1166 2938 1386 3022 antdcsignare.

303 3046 437 3105 Clemens
450 3044 484 3105 B.
504 3044 581 3104 Petri
597 3042 756 3123 discipulus
772 3044 801 3101 in
818 3043 938 3123 epistola
955 3044 1078 3123 quadarn
1094 3042 1205 3126 (Epist.
1225 3044 1263 3105 ad
1276 3044 1387 3127 Ephes.

305 3174 370 3234 cap
393 3150 432 3233 ι)
447 3175 456 3210 z
476 3178 490 3205 a
502 3150 652 3222 Oceanus,
668 3162 698 3209 et
711 3148 815 3208 Mundi
830 3150 881 3229 qui
896 3160 975 3208 trans
991 3151 1085 3231 ipsum
1101 3163 1180 3210 sunt.
1201 3178 1216 3204 a
1243 3152 1289 3211 Ita
1309 3154 1390 3213 Hie-

302 3278 442 3339 ronymus
458 3279 494 3317 ex
511 3279 546 3318 oo
560 3258 630 3317 citat
645 3279 654 3315 s
671 3270 701 3316 et
716 3254 840 3315 Mundae
855 3256 1014 3337 appellasse
1034 3258 1139 3331 credo,
1156 3260 1389 3340 magnitudinem

303 3364 491 3425 iudicantem.
503 3364 578 3439 ,Qun
593 3364 640 3423 vel
655 3365 686 3421 in
702 3364 786 3423 terris
802 3363 877 3423 notis
893 3364 1014 3424 mirifica
1034 3386 1042 3422 ε
1065 3366 1117 3424 etsi
1131 3376 1238 3425 huehrs
1253 3366 1305 3427 ssle
1321 3368 1391 3426 An—

304 3472 428 3545 stralior,
442 3484 471 3531 et
483 3483 562 3531 trane
573 3470 690 3531 Fretum
703 3469 875 3552 Magallani,
890 3470 1019 3531 nondum
1031 3472 1202 3547 innumeris,
1215 3475 1274 3533 nisi
1285 3496 1302 3533 a
1313 3498 1391 3557 pra-

304 3578 548 3662 teruavigantibns
560 3578 676 3639 libatus.
693 3574 796 3635 Noster
812 3576 921 3637 Sennea
934 3574 1021 3657 (uam
1036 3577 1084 3637 ille
1098 3576 1257 3661 'lhngoedie
1275 3581 1391 3641 Mede:

302 3698 380 3745 certo
394 3697 494 3745 auctor
508 3682 564 3764 est)
579 3684 616 3743 de
631 3684 667 3743 iia
681 3683 751 3763 ipsis
766 3676 933 3763 praedixisse
944 3683 1069 3759 videtur,
1084 3686 1183 3765 pueris
1195 3688 1255 3765 jam
1273 3688 1391 3749 decan-

304 3804 394 3852 tatum
405 3790 550 3873 (Medea,
567 3786 647 3872 375)
663 3812 672 3847 ε

567 3892 673 3945 Venient
682 3894 752 3943 sunit
762 3894 850 3945 sucus
862 3896 934 3958 tetis,

570 3983 666 4048 Quibus
676 3984 789 4035 Oceanus
797 3984 896 4037 vinnula
906 4002 986 4037 rmum

570 4077 662 4136 laxet,
674 4080 700 4125 et
711 4075 796 4143 ingens
807 4081 889 4145 puteat
901 4077 986 4139 tellus,

568 4164 709 4235 Tiphynque
718 4182 796 4217 novos
807 4166 904 4235 detegat
917 4168 986 4219 orbes
997 4202 1006 4231 ,

539 4246 543 4275 ¹
567 4259 618 4307 ilco
629 4257 661 4308 sit
674 4258 744 4309 terme
753 4256 841 4310 ultima
850 4257 936 4310 Thule.
