2950 4934
290 463 535 536 PHYSIOL.
560 465 812 537 STOlCOll.
837 470 932 537 LIB.
958 471 1010 540 11.
1119 473 1182 545 so»

110 629 195 670 mun.
208 606 253 668 lle
262 609 324 669 Gir.
334 607 463 682 lium,
473 630 500 668 a.
509 605 581 690 28),
593 608 763 684 simulacris,
775 609 872 672 multis
881 609 995 672 indiciis
1003 611 1103 696 collegi
1112 613 1193 674 aliud

108 717 275 799 significare
288 715 404 790 orelam,
421 715 501 777 aliud
513 728 641 790 terrum,
656 716 735 778 aliud
749 717 881 799 exempla
895 739 1010 793 rernm,
1025 741 1096 801 quas
1110 719 1191 782 Plato

108 823 198 883 Ideas
210 823 343 906 appellat.
361 822 488 897 Caelnm,
505 821 762 906 Joreminlelligo3
776 823 914 899 Terram,
930 825 1189 900 Jnnoneru31deas

107 930 283 992 Minervam.
299 930 423 1004 Caluia,
435 951 452 988 a
462 951 520 1009 quo
528 929 579 990 {iat
588 930 698 1011 aliquid
708 955 716 1003 ς
727 931 865 1006 Terram,
879 931 915 1006 de
925 953 983 1014 qua
994 934 1060 1006 fiat;
1074 933 1189 996 Exem-

107 1038 211 1117 plum,
229 1035 385 1097 seonndnm
401 1035 480 1118 quod
495 1036 554 1096 liat.
571 1061 586 1090 ιι
610 1033 649 1096 Bt
669 1037 722 1098 ribi
743 1039 796 1098 tria
812 1039 973 1120 Principia,
991 1043 1077 1102 etiam
1090 1042 1214 1104 Romu*

109 1144 141 1202 in
158 1144 297 1224 &prolia
318 1154 493 1204 consecrata.
515 1141 593 1218 Quid
609 1144 634 1202 si
650 1144 735 1204 etiam
761 1145 790 1204 in
806 1144 907 1204 Circo?
923 1144 1117 1209 Tertullianus
1140 1170 1191 1210 as-

105 1251 182 1308 serit
193 1248 257 1331 (De
272 1247 369 1331 Speet.
384 1271 449 1330 cap.
468 1245 524 1330 8),
542 1275 556 1304 ι
575 1250 664 1312 trinas
679 1251 719 1312 ihi
741 1271 805 1312 aras
827 1252 889 1326 Diis
914 1271 1016 1333 parere
1046 1257 1157 1338 magnis
1175 1298 1184 1328 ,

107 1354 293 1434 pranulus,
308 1355 481 1415 valentibus.
498 1352 623 1416 Εοοιῑοω
639 1368 668 1418 at
682 1355 878 1418 Samothracas
894 1359 1059 1420 susurrari.
1085 1386 1099 1414 ιι
1116 1361 1188 1422 Tres

105 1461 171 1535 ihi,
192 1481 258 1520 aum
271 1461 402 1522 Varrone
415 1460 481 1543 (lv
495 1461 541 1522 De
551 1461 585 1524 la.
603 1461 637 1523 L.
648 1461 676 1543 ),
697 1466 826 1526 nominat
842 1488 851 1524 s
871 1467 923 1526 elsi
937 1467 999 1548 ipse
1013 1467 1105 1530 Varro
1119 1467 1187 1528 alibi

106 1569 183 1628 dnos
206 1579 317 1628 tanturn
338 1582 490 1651 agnoscat,
509 1567 618 1630 Culum
638 1592 675 1631 oo
699 1568 819 1632 Tenum
842 1575 951 1652 pariter·
972 1575 1183 1656 interpretatus.

104 1673 185 1736 Sunt
200 1676 246 1735 isai
262 1673 363 1737 Cadin'
372 1698 382 1736 r
397 1676 436 1737 de
451 1675 558 1759 quibus
573 1672 749 1758 Dionysius,
764 1676 883 1753 suabe,
902 1679 961 1740 alii.
1081 1746 1084 1754 ,

443 1923 754 1988 DISSERTATIO
780 1929 841 1990 IV.

99 2055 1181 2181 Dearpon‚paiisoun?1maccr;oi.etonnemasenaoanclndere.

148 2195 503 2284 Qmiametr‘rrrnmna,
513 2207 941 2286 pmmsln'saclrelr'selsaasis,
956 2222 1136 2292 nugamenta.

144 2409 198 2469 Δτ·
206 2409 350 2491 Principia
362 2431 452 2492 quum
466 2410 619 2486 hahemus,
641 2413 679 2474 ad
700 2434 735 2473 ea
749 2415 896 2474 veniamus
910 2436 971 2496 quse
987 2438 1023 2476 ex
1037 2414 1180 2478 his-fiunt.

99 2518 206 2576 Cicero
221 2515 255 2599 (Ι
271 2515 401 2600 dead.)s
416 2543 431 2571 ιι
444 2517 529 2593 Quod
550 2533 587 2579 ax
598 2530 733 2600 utruque·
749 2520 781 2580 fir
801 2518 912 2601 (Causa
934 2533 963 2584 et
986 2522 1126 2604 Materia)
1150 2523 1181 2584 id

96 2624 163 2701 jam
172 2621 299 2703 Corpus,
314 2635 344 2682 et
353 2623 436 2704 quasi
444 2622 620 2706 Qualitalem
629 2623 785 2705 qrramdarn
801 2626 997 2698 nominabant.
1004 2653 1018 2678 a
1034 2625 1182 2710 Quidquid

97 2727 347 2810 iginnMarariam
357 2727 456 2802 habel,
466 2730 550 2798 eslim
560 2729 681 2811 Carpus,
692 2742 778 2810 alque
788 2729 913 2812 idipsum
925 2729 1074 2803 deliniunt,
1089 2760 1103 2786 ιι
1113 2734 1182 2794 Cor-

96 2855 159 2916 pus
172 2852 238 2895 esse
249 2835 326 2918 quod
340 2837 440 2896 in‘tria
454 2835 602 2909 dividitur,
614 2835 843 2918 longitudinem,
860 2836 1059 2913 latitudinem,
1077 2838 1180 2900 altitu·-

97 2941 211 3000 dineur.
232 2967 248 2994 ι
262 2938 377 3022 (laert
387 2943 428 3002 ·in'
441 2939 533 3023 zea.)
546 2942 643 3022 'Atque
656 2939 716 3000 hc
732 2963 802 3004 sane
815 2942 931 3022 proprie
948 2943 1072 3024 Corpora
1095 2957 1179 3020 sunt,

95 3069 156 3129 prn
171 3047 290 3106 aliorum
306 3047 391 3108 etiam
404 3045 666 3129 philosophantium
680 3067 776 3112 sensu·
793 3049 831 3108 At
844 3046 929 3108 Stoici
941 3045 1111 3130 (notandum
1126 3048 1182 3131 est)

94 3154 216 3237 longius
229 3153 380 3235 huiusque
398 3152 474 3216 bauo
496 3173 595 3215 vonam
615 3153 759 3217 tendunt:
775 3166 803 3212 et
821 3154 1021 3228 communiter,
1037 3155 1180 3236 quidquid
1236 3163 1238 3168 ‘

93 3263 218 3321 omnino
238 3272 301 3335 est,
326 3259 543 3341 sioappallaul.
563 3259 609 3320 lta
623 3281 683 3320 non
699 3257 787 3336 Genii
801 3260 895 3318 solum
918 3271 947 3344 et
968 3260 1072 3320 Anima
1092 3257 1178 3344 (nam

93 3370 161 3428 laec
177 3369 213 3428 iis
227 3369 346 3427 materia
365 3365 474 3447 sunt),
486 3366 542 3428 sed
552 3367 648 3441 Deus,
666 3379 696 3428 el
708 3365 850 3442 Materia,
863 3377 896 3426 et
910 3366 1056 3452 Virtutes,
1075 3368 1175 3445 Vitia,

93 3475 244 3547 Allectus,
261 3486 291 3532 et
305 3473 388 3554 plura
404 3473 490 3547 lolia,-
505 3473 630 3554 Corpora
643 3471 798 3543 dicuntur:
812 3472 892 3554 quud
905 3471 1012 3561 Sehqlae
1028 3471 1115 3534 hodie
1130 3477 1177 3535 ri-

91 3581 204 3654 deant,
222 3579 274 3640 sad
289 3601 341 3638 sua
356 3577 530 3661 hmlmgua
542 3580 578 3646 iis
592 3577 657 3638 luit.
673 3578 774 3658 Itaque
787 3575 935 3656 ¹Iaaertinsv,
951 3590 1017 3662 post
1031 3601 1093 3640 eam
1106 3581 1177 3638 fini-

90 3688 224 3759 tionem,
242 3684 345 3746 addita
360 3711 375 3740 ιι
384 3685 479 3766 Atque
494 3684 548 3753 hoo
563 3685 687 3746 solidum
702 3685 790 3747 etiam
808 3685 918 3768 Corpus
936 3696 1053 3747 vocatur
1069 3709 1077 3744 a
1095 3687 1178 3768 quasi

92 3795 156 3854 alia
171 3804 283 3866 asne,
298 3804 380 3855 ana
394 3813 459 3852 eam
471 3791 744 3874 agnominationem.
761 3791 868 3852 Nonne
882 3803 980 3852 autera
994 3792 1024 3850 in
1036 3791 1174 3853 Cicerone

89 3899 196 3972 licuit,
212 3899 298 3958 edum
313 3896 476 3980 Qaullulaa
488 3916 524 3958 ea
539 3917 659 3979 corpora
670 3896 811 3979 appellari
823 3918 832 3954 a
846 3896 914 3978 quia
927 3897 1036 3959 seilicet
1053 3897 1176 3980 aqualia

90 4021 126 4067 et
138 4007 276 4089 qualitate
285 4007 390 4067 alienu
402 4032 419 4060 s
436 4018 541 4068 essent.
558 4007 660 4086 Itaque
673 4007 770 4067 surim
785 4031 800 4060 a
813 4001 988 4082 Qualilatum
1004 4005 1074 4068 alian
1089 4005 1174 4064 Prin·

90 4113 176 4194 cipes
189 4112 276 4187 lacit,
289 4113 359 4173 alias
373 4133 410 4173 ex
424 4113 460 4172 iis
472 4125 548 4174 ortas
561 4112 728 4194 Principes,
745 4112 885 4171 elementa
895 4111 957 4192 ipsa
970 4134 979 4170 a
992 4132 1029 4171 ex
1039 4111 1074 4172 iis
1085 4123 1171 4187 ortas,

90 4219 286 4281 animantium
303 4220 429 4295 sor-mas,
453 4240 573 4302 queque
595 4220 752 4302 gignuntur
775 4239 791 4278 e
815 4231 901 4281 terra.
918 4217 976 4280 Ubi
996 4217 1092 4300 palam
1109 4231 1171 4294 est,
