2950 4934
305 459 365 553 ¹74
598 463 637 526 L.
664 459 838 530 ANNAEI
862 458 1076 528 SENECAE

300 590 476 683 contingat
485 589 592 658 lucem
602 590 733 667 videre,
743 591 964 661 totcoutciam
971 590 1149 660 ooclemm.
1161 593 1373 661 Excutienda

300 705 379 772 vitoe
399 702 523 796 cupido
541 719 592 772 eet
601 753 612 787 ,
626 702 917 797 discendumque,
933 705 1023 772 nihil
1036 707 1217 786 interesse,
1234 706 1373 798 quando

303 821 444 913 patiaris
461 808 553 914 quod
570 820 777 914 quandoque
794 822 991 914 patiendum
1013 840 1076 892 cst.
1100 825 1212 915 Quam
1226 825 1314 893 bene
1326 828 1374 892 vi·

302 963 362 1008 vas
376 939 504 1020 refert,
524 964 594 1008 nou
615 939 777 1031 quamdiu
792 969 802 1025 3
818 963 907 1033 ooepe
920 956 1031 1008 autem
1051 944 1087 1010 in
1114 943 1181 1012 hoo
1196 943 1369 1023 otthone,

303 1079 347 1123 ne
361 1055 422 1124 diu
434 1061 458 1123 ¹.
475 1055 571 1124 Volo.

305 1249 355 1300 cari
367 1248 454 1301 docuit
466 1249 531 1321 Lips.
543 1249 568 1300 in
580 1217 672 1302 libellis
681 1249 713 1302 de
724 1249 769 1301 illa
779 1269 814 1301 re.
863 1269 927 1324 sepe
940 1251 1019 1303 virtus
1028 1253 1129 1317 suadet,
1147 1265 1174 1303 ut
1188 1251 1268 1304 vitam
1283 1254 1374 1306 etton-

341 1347 362 1378 ι.
381 1326 416 1378 In
429 1327 475 1379 hoc
488 1339 527 1380 est
543 1327 621 1392 bene,
634 1347 665 1380 rte
677 1331 731 1381 deit.
747 1330 814 1398 Quia
864 1329 953 1382 damus
964 1368 972 1396 ,
982 1347 1005 1381 v.
1015 1349 1038 1382 c.
1047 1349 1093 1401 pro
1105 1329 1192 1402 patria.

615 1713 925 1800 EPISTOLA
958 1716 1066 1800 CII.

771 1948 906 1969 nnn-—

484 2183 704 2222 cttntnn'rtttt
723 2183 804 2222 POST
822 2183 967 2224 tton'rttat
985 2185 1100 2224 BONUM
1118 2185 1202 2227 issa.

341 2315 469 2388 Occupato
481 2314 507 2364 in
521 2311 674 2386 cogitatione
686 2310 717 2363 de
729 2311 867 2363 teternitato
881 2311 1021 2366 animarum
1039 2311 1088 2364 sibi
1107 2312 1280 2384 supervenisse
1296 2325 1381 2365 narrat

309 2398 442 2468 epistolam
462 2397 553 2452 Luciiii
566 2437 573 2462 ,
588 2398 677 2468 inqua
690 2395 780 2468 objicit
800 2397 904 2450 Senecoe
916 2437 924 2462 ,
936 2397 1005 2467 quod
1018 2416 1071 2449 uon
1089 2396 1191 2449 toircrit
1207 2395 1379 2466 objectionem

309 2482 528 2545 adversariorum,
541 2481 678 2534 claritatem
691 2479 785 2532 idcirco
798 2478 894 2533 boum
907 2500 961 2534 non
972 2501 1024 2534 esse
1035 2499 1122 2554 posse,
1137 2478 1206 2550 quod
1218 2499 1248 2532 ea
1259 2479 1382 2532 distanti-

309 2567 355 2620 bus
364 2579 470 2620 constet
483 2565 561 2636 Quod
572 2565 630 2634 quia
644 2585 696 2616 non
706 2564 738 2617 ad
746 2585 828 2617 mores
839 2585 858 2616 s.
871 2565 987 2617 Etbiram
997 2565 1120 2637 pertineat
1128 2603 1135 2630 ‚
1143 2585 1169 2616 se
1180 2563 1305 2616 distulisse
1318 2583 1383 2636 pro-

309 2649 400 2701 fitetur.
413 2648 471 2700 Jam
484 2667 563 2718 quum
577 2645 717 2699 doctrinam
732 2647 877 2701 Stoicorum
894 2647 925 2700 de
938 2646 1085 2718 corporibus
1097 2646 1255 2718 premisisset
1266 2644 1382 2709 ‚accedit

309 2733 340 2786 nd
354 2732 530 2805 probationem
543 2731 688 2803 dogmatis,
701 2729 839 2784 claritatem
854 2731 1011 2784 essebonum
1023 2749 1030 2784 ι
1040 2751 1069 2784 ao
1081 2732 1193 2799 primum
1204 2730 1308 2803 quidem
1320 2730 1384 2782 len·-

310 2817 368 2869 daro
380 2815 472 2884 dignos
485 2836 537 2868 esse
547 2817 672 2868 actionem
687 2814 827 2867 honestam.
839 2816 957 2881 Deinde,
976 2834 1033 2888 qun
1047 2835 1112 2868 unus
1130 2816 1211 2868 bunut
1231 2817 1272 2867 vir
1286 2813 1385 2886 judicat

310 2899 390 2960 bona,
401 2917 429 2949 ea
439 2916 527 2949 ornnes
538 2895 588 2948 viri
600 2897 662 2948 boni
675 2897 787 2968 judicent
797 2911 894 2969 oportet
904 2916 911 2950 ι
920 2897 1127 2969 quandoquidem
1139 2895 1251 2950 veritatis
1261 2914 1316 2947 uua
1327 2896 1382 2958 vis,

310 3001 361 3034 una
373 2981 449 3034 facies
461 2995 503 3035 est.
514 2982 582 3034 Tum
596 3002 649 3034 nou
668 2995 704 3034 ert
715 2981 812 3034 bonurn
823 3004 854 3046 ex
869 2983 1019 3036 distantibus
1029 2995 1145 3035 constans
1156 3003 1164 3046 ς
1177 2981 1230 3034 laus
1242 2981 1314 3033 enirn
1329 3000 1383 3032 non

309 3089 358 3120 ror
371 3080 422 3130 est,
434 3087 491 3140 quc
505 3068 602 3120 bonurn
615 3087 668 3120 non
681 3081 735 3135 est,
748 3067 793 3121 red
801 3069 924 3121 sententia
936 3067 1021 3122 :eliud
1030 3069 1100 3122 euim
1111 3081 1149 3120 est
1157 3067 1229 3131 laus,
1241 3067 1314 3120 aliud
1322 3065 1387 3119 lau·

310 3154 378 3207 datio
391 3173 448 3224 quse
458 3173 547 3206 vocero
560 3153 643 3226 erigit.
655 3154 721 3206 Ltus
741 3167 824 3207 autent
838 3154 937 3227 judiciis
950 3155 1113 3218 continetur,
1134 3167 1208 3225 atque
1224 3155 1333 3206 refertur
1350 3153 1388 3205 ad

310 3239 443 3301 animuin,
456 3257 509 3291 non
521 3238 553 3290 ad
572 3239 655 3291 verba.
674 3239 781 3292 Claritas
797 3239 883 3309 iteque
899 3239 954 3293 laus
973 3240 1162 3302 cothurnorum,
1182 3258 1239 3309 qun
1254 3238 1388 3291 sinevoee

310 3325 458 3394 contingere
468 3333 563 3396 petest,
577 3343 656 3394 quum
667 3323 749 3396 gloria
759 3338 783 3377 ct
794 3327 860 3377 sarna
873 3345 960 3378 vocem
974 3325 1115 3378 desiderent
1127 3337 1152 3376 et
1161 3324 1301 3376 inultorum
1310 3323 1388 3394 judi-

311 3407 355 3460 ciis
364 3420 517 3459 censeantur.
529 3408 594 3459 Laus
607 3419 676 3468 estet
685 3405 780 3459 laudati
790 3421 814 3460 et
824 3409 956 3462 laudantis.
973 3410 1024 3463 Sed
1036 3409 1113 3462 satius
1128 3422 1177 3476 est,
1191 3408 1218 3460 in
1229 3408 1388 3459 immensum

286 3561 289 3566 1
311 3501 421 3569 tuentem
434 3511 504 3543 suant
518 3493 746 3562 estendere‚quam
761 3493 799 3544 his
810 3493 1020 3569 disputationibus
1034 3513 1135 3567 operam
1145 3493 1213 3545 dare.
1225 3493 1322 3561 Magna
1332 3511 1390 3542 au-

311 3589 361 3626 tem
373 3590 397 3628 et
408 3597 529 3648 generosa
539 3597 578 3630 res
592 3577 717 3630 humanus
728 3577 844 3642 animus,
856 3579 928 3649 cujus
946 3578 1025 3652 patria
1035 3589 1072 3630 est
1083 3577 1194 3629 muudus
1205 3617 1213 3641 ‚
1225 3575 1295 3646 cuius
1308 3574 1391 3646 eogi-

311 3661 401 3716 tationi
413 3684 489 3716 ornne
501 3677 599 3738 ternpus
610 3676 676 3738 patet
689 3663 722 3716 ad
736 3659 823 3719 divina
835 3664 888 3721 nati
900 3677 925 3715 et
935 3663 1073 3735 aliquando
1086 3662 1251 3715 subvolaturi.

597 3829 706 3865 tanton
725 3828 855 3864 avemo
873 3829 929 3864 1ῦο
948 3829 1093 3865 ”hunssa

361 3947 576 4038 Quosrouo
600 3945 758 4014 molestus
776 3961 826 4011 est
839 3943 1030 4036 jucundum
1049 3948 1214 4014 somnium
1227 3943 1390 4030 videnti,

312 4065 372 4154 qui
395 4064 517 4131 excitat
544 4062 683 4150 (aufert
705 4062 797 4128 enim
824 4061 1056 4154 voluptutem,
1086 4061 1216 4128 etiamsi
1245 4061 1393 4145 falsam,

314 4177 469 4246 effectum
485 4194 596 4245 tarncn
614 4201 703 4246 verte
723 4171 930 4268 habentem)
950 4203 957 4241 ε
983 4179 1033 4244 sic
1054 4177 1196 4270 epistola
1218 4195 1276 4246 tun
1301 4179 1396 4246 mihi
