2950 4934
373 473 441 568 574
744 469 895 541 JUSTI
918 469 1080 540 LlPSII

370 617 423 678 vis
436 617 546 697 aliquid
557 617 684 678 elarius?
703 617 844 698 iteratque
858 614 948 690 alibi,
965 629 994 675 et
1010 630 1092 676 vocat

538 754 644 819 dues&
654 787 679 819 ts
690 770 754 820 δεῖν
765 767 852 830 plum
863 766 902 820 ul
913 765 1002 836 μέμ
1015 767 1099 822 adria·

533 856 739 906 numm
749 856 872 924 genem,
883 856 1159 908 mamam

367 989 415 1049 Dii
432 999 461 1046 et
473 983 560 1045 Genii
575 1007 612 1046 ex
630 985 678 1046 illo
688 986 744 1045 orti
758 983 844 1068 (nam
858 997 888 1046 et
903 985 934 1045 bi
946 1007 982 1047 ex
992 983 1131 1068 Materie)
1143 998 1234 1067 atque
1248 987 1339 1046 etiam
1353 1008 1432 1068 rapo-

365 1093 522 1152 ratiomlms
536 1092 599 1171 ejus
614 1092 738 1151 alunmr.
756 1091 902 1152 Postrema
924 1103 1019 1152 autem
1039 1093 1101 1174 ipsa
1114 1092 1226 1166 rerba,
1243 1091 1284 1152 de
1299 1093 1395 1152 Matre
1410 1104 1432 1149 Α

288 1210 292 1221 ’
366 1197 504 1267 Νιιίηὶε,
524 1197 603 1257 Plato
613 1179 652 1256 ¹in
669 1196 777 1257 Timaeo
793 1199 965 1279 assumpsit,
980 1210 1011 1257 et
1028 1197 1154 1258 Materia
1173 1199 1300 1278 aptarit.
1316 1198 1392 1272 Quin
1409 1210 1430 1255 et

364 1304 517 1366 Barbarica
534 1318 615 1365 vetus
632 1302 811 1385 philosophia
829 1305 860 1364 in
882 1303 935 1364 hae
960 1317 1051 1386 parte.
1078 1331 1093 1358 ι
1109 1303 1344 1364 Brachmamlsus
1365 1304 1428 1384 apud

364 1410 453 1471 Indos
467 1436 482 1465 ιι
493 1455 503 1483 ,
514 1409 662 1470 aitStrabo
673 1436 711 1483 ,a
726 1410 1089 1471 aliarumomniumremm
1100 1411 1327 1492 aliaprineipia,
1338 1407 1429 1471 Mundi

364 1530 460 1578 autern
475 1539 559 1598 aqna.
579 1543 594 1568 ιι
609 1515 666 1576 Sed
685 1538 807 1597 quanam
825 1537 920 1576 rerum
934 1515 1012 1576 alia?
1025 1517 1110 1577 credo
1128 1517 1313 1598 singularum
1326 1539 1427 1581 rernm

313 1657 320 1672 ·
363 1646 428 1706 qua
443 1647 480 1684 ex
494 1623 652 1684 Elementis
665 1647 673 1696 3
687 1635 720 1683 ut
735 1623 773 1683 ad
789 1624 920 1704 proxima
938 1623 1078 1706 principia
1091 1623 1145 1682 hoe
1155 1623 1315 1684 reseratur.
1332 1624 1393 1684 Iam
1405 1635 1428 1680 et

363 1729 491 1813 Egyptii
508 1729 614 1815 (Philo
626 1743 707 1790 notat
723 1729 771 1790 De
789 1730 858 1790 Vita
870 1729 979 1812 Moysis
993 1728 1025 1813 l)
1038 1754 1047 1790 a
1062 1732 1202 1812 «Aquam
1213 1730 1330 1790 exime
1341 1731 1427 1788 eolus-

363 1851 451 1911 runt,
468 1839 641 1920 principium
660 1837 793 1898 Universi
810 1837 1001 1920 generationis
1017 1859 1080 1897 eam
1096 1849 1256 1899 censentes.
1272 1862 1289 1888 ι
1314 1837 1371 1896 Sed
1385 1859 1427 1917 pro

362 1955 422 2004 tota
431 1944 591 2004 Stoicorum
600 1944 752 2016 sententia,
764 1942 873 2003 Seneca
883 1943 1041 2004 audiendus
1048 1941 1108 2026 (Ill
1119 1941 1225 2018 Quat.
1238 1943 1313 2002 Nat.
1322 1966 1350 2004 e.
1365 1941 1424 2024 13):

364 2077 378 2104 ιι
391 2052 473 2133 Aqua
484 2095 493 2124 ,
505 2053 547 2110 ait
555 2050 679 2122 Thales,
695 2049 920 2110 valentissimum
934 2050 1105 2110 elementum
1122 2061 1183 2118 asu
1194 2049 1250 2108 boo
1265 2049 1359 2110 forise
1371 2051 1426 2130 pri-

362 2179 442 2218 mum
454 2169 555 2238 putat,
570 2179 607 2216 ex
620 2155 674 2216 hoo
688 2158 845 2216 surrexisse
864 2157 970 2216 omnia.
990 2153 1049 2216 Sed
1066 2169 1095 2216 et
1110 2177 1162 2215 nos
1176 2177 1294 2236 quoqne
1310 2153 1425 2238 (Stoici)

361 2265 456 2322 autin
475 2262 575 2322 eadem
590 2256 754 2336 sententia,
776 2274 826 2321 aut
846 2263 876 2320 in
894 2261 995 2320 ultima
1015 2283 1122 2321 sumus.
1138 2288 1152 2314 ιι
1174 2261 1310 2336 Ultima,
1326 2285 1363 2324 ex
1379 2263 1424 2321 lae

360 2391 465 2451 nempe
479 2368 575 2428 omnia
594 2369 764 2428 surrexisse.
789 2366 853 2442 Quo
867 2367 971 2426 ducere
995 2379 1024 2425 et
1043 2367 1193 2426 Manilium
1208 2369 1327 2448 possis,
1345 2369 1424 2428 hmo

361 2475 465 2536 debeas
479 2473 554 2558 (tib.
570 2471 607 2555 Ι)
622 2497 631 2532 a

524 2619 1205 2692 Seuliquorhocpeperit,aineqnorigetaridamm

521 2711 647 2776 Materies,
660 2713 789 2782 ipsamque
800 2719 886 2774 vocat,
898 2729 949 2781 quo
960 2713 1075 2774 solvitur,
1087 2714 1180 2780 Ignem.

359 2847 439 2908 luter
456 2847 598 2906 variantes
617 2846 772 2906 sententias
791 2844 894 2906 Mundi
909 2846 1031 2921 conditi,
1049 2867 1101 2906 nee
1116 2843 1239 2906 Stoicam
1254 2846 1363 2904 omittit
1376 2869 1384 2904 a
1399 2858 1421 2902 et

356 2953 441 3027 Sive,
457 2953 570 3035 inquit,
587 2954 671 3033 Aqua
685 2953 797 3012 initium
813 2953 898 3012 rebus
912 2951 981 3025 fuit,
996 2953 1026 3012 in
1039 2974 1124 3034 vam
1137 2949 1260 3012 Materia
1273 2971 1306 3010 se
1320 2952 1421 3010 vertit:

248 3086 252 3098 ¹
357 3081 420 3141 qua
444 3058 549 3120 deinde
573 3068 653 3119 vocnt
671 3056 729 3140 (ita
752 3059 889 3142 legerim,
913 3081 971 3120 non
991 3057 1085 3141 vom)
1107 3060 1166 3116 sive
1191 3055 1310 3120 adhibet
1332 3059 1421 3139 ipsura

357 3163 478 3246 ignem,
496 3165 548 3248 qni
564 3165 701 3241 destruit,
718 3179 747 3226 et
763 3167 793 3226 in
812 3167 904 3226 varias
914 3165 1017 3226 formas
1030 3177 1130 3225 mutat.
1142 3163 1223 3236 Sive,
1238 3166 1289 3246 qui
1303 3164 1422 3225 suffito

357 3269 494 3343 destruit,
517 3272 547 3330 in
563 3276 713 3354 ἐκπυρώσει.
732 3270 833 3354 Neque
848 3271 927 3331 aliud
946 3271 1031 3331 Stoici
1046 3271 1224 3332 damarum
1240 3269 1316 3331 illud
1329 3268 1422 3328 aaa

354 3377 631 3458 interpretabantur,
649 3398 736 3459 quarn
754 3375 828 3438 hane
844 3397 1035 3460 aquomsnon
1049 3379 1126 3437 illam
1144 3377 1300 3438 Elementi.
1321 3377 1423 3436 Philo-

354 3503 422 3544 nam
431 3483 472 3543 ita
481 3485 548 3545 andi
560 3481 611 3567 (de
623 3483 839 3545 immortalitate
850 3481 991 3566 Mundi)a
1004 3511 1018 3538 ιι
1029 3483 1148 3558 Quidam
1159 3483 1319 3546 Stoicorum
1330 3483 1421 3543 Chaos

354 3588 518 3666 existimant
533 3590 644 3671 Aquam
661 3611 740 3664 esse,
756 3613 773 3648 n
784 3588 894 3650 fusione
905 3588 1010 3649 sacuam
1026 3611 1128 3649 nomen
1144 3588 1325 3650 arbiumtas.
1338 3615 1356 3642 ιι
1369 3588 1421 3648 sed

352 3695 423 3776 quid
434 3698 493 3776 jam
509 3697 609 3778 Aqua?
621 3698 716 3780 pergit
730 3696 859 3758 Laertius
872 3718 881 3754 a
894 3693 984 3757 Deum
998 3696 1048 3778 qui
1058 3695 1199 3756 santwlr's
1214 3693 1305 3755 Rmto
1320 3707 1366 3756 at
1377 3718 1422 3756 rr·

350 3800 441 3882 linqui
456 3803 486 3862 in
500 3803 624 3863 humilio.
641 3803 686 3880 De
700 3801 764 3863 Deo
778 3803 855 3864 enim
875 3801 935 3862 hac
951 3801 1052 3872 verba,
1075 3801 1190 3881 ejusque
1205 3799 1330 3860 Ratione
1347 3799 1420 3882 (etsi

351 3905 563 3970 obseurinscula
575 3909 660 3992 sunt)
674 3912 792 3971 omnino
806 3908 955 3992 capienda.
975 3908 1019 3968 lta
1032 3909 1108 3968 enim
1118 3907 1184 3966 aliti
1199 3909 1263 3988 ipse
1272 3907 1354 3967 Zeno
1368 3907 1419 3990 (In

350 4006 428 4070 Stob.
450 4009 552 4095 Phys.)
575 4045 584 4074 ι
609 4043 622 4068 ιι
637 4014 691 4076 Per
704 4015 856 4077 Materiam
869 4013 932 4096 (sic
954 4011 1092 4096 aquam)
1111 4012 1269 4072 discurrere
1284 4012 1420 4072 Universi

351 4113 519 4189 Rationem,
548 4141 633 4199 qaum
652 4124 742 4206 aliqui
765 4123 867 4184 Fatum
890 4121 1050 4205 appellant,
1071 4133 1206 4200 tanquam
1225 4118 1256 4179 in
1275 4117 1351 4178 sm
1372 4141 1421 4178 se-

350 4235 426 4276 men.
440 4245 454 4272 ι
473 4221 562 4281 Vides
578 4227 707 4288 eamdem
728 4229 769 4288 ibi
788 4229 954 4310 imaginem,
971 4241 999 4288 et
1017 4227 1085 4308 ipsis
1106 4226 1216 4300 verbis,
1231 4225 1273 4286 uo·
1290 4224 1340 4284 hie
1363 4246 1419 4305 po-
