2950 4934
324 511 386 576 118
471 531 474 540 ’
613 509 653 574 L.
680 503 858 573 ANNAEI
881 503 1102 573 SENECAE
1324 601 1328 606 .

316 635 453 727 injuriae
465 633 623 727 pellicem
633 637 659 722 ¹3
676 633 739 703 sed
751 635 848 704 illum
860 633 970 704 libido
984 637 1022 703 in
1035 636 1208 704 contraria
1220 637 1397 730 impingit.

316 749 413 820 Nihil
431 773 514 843 ergo
532 748 688 843 proderit
708 749 793 818 dare
809 766 1001 846 praecepte,
1024 751 1091 819 nisi
1114 752 1209 844 prius
1229 753 1399 822 amoveris

317 863 486 932 obstantia
504 866 702 958 preceptis,
721 889 793 933 non
813 866 921 958 magis
930 914 942 951 ,
963 888 1064 956 mm
1080 864 1233 959 proderit
1248 887 1343 934 orma
1358 865 1400 932 in

316 997 502 1076 conspeetu
532 984 684 1077 posuisse
712 983 923 1076 propiusque
948 982 1160 1069 admovisse,
1189 984 1258 1051 nisi
1282 1007 1399 1052 usurae

318 1121 437 1167 manus
453 1099 714 1194 expediuntur&
733 1102 781 1169 Ut
792 1098 838 1168 ad
850 1114 1034 1193 precepta,
1050 1123 1127 1192 quse
1142 1095 1273 1182 damus,
1290 1099 1401 1192 possit

260 1240 293 1308 4⁰
317 1216 449 1284 animus
460 1217 531 1300 ire,
544 1215 728 1286 soivendus
741 1232 804 1285 est.
819 1219 982 1286 Putemus
991 1215 1142 1308 aiiquem
1154 1214 1285 1298 iacere,
1302 1215 1400 1308 quod

269 1317 272 1320 ’
317 1349 473 1425 oportet,
495 1357 566 1402 non
589 1333 692 1402 faciet
712 1333 870 1418 assidue,
895 1357 964 1402 non
986 1333 1087 1402 faciet
1104 1333 1282 1425 equaliter
1304 1358 1313 1398 ι
1333 1356 1399 1401 ne·

317 1450 403 1517 sciet
428 1451 521 1518 enim
550 1473 658 1542 quare
682 1451 795 1519 faciat.
817 1451 941 1544 Aliqua
957 1451 1012 1519 vel
1031 1475 1134 1534 casu,
1155 1448 1210 1520 vel
1227 1450 1397 1518 exercita-

318 1568 434 1652 tione,
457 1568 597 1637 exibunt
615 1583 727 1655 recta,
747 1567 808 1637 sed
828 1593 900 1645 non
924 1570 992 1637 erit
1007 1570 1045 1636 in
1069 1593 1172 1637 manu
1196 1566 1335 1662 regula,
1350 1568 1400 1636 ad

318 1710 422 1778 quam
450 1685 649 1780 exigantur,
671 1688 726 1756 cui
755 1684 888 1769 credat,
908 1702 998 1755 recte
1020 1710 1094 1755 esse
1111 1706 1188 1780 que
1204 1685 1299 1754 fecit.
1317 1687 1398 1754 Non

273 1863 275 1866 .
317 1799 494 1892 promittet
510 1823 546 1870 se
565 1799 667 1869 talem
686 1801 722 1868 in
736 1816 963 1894 perpetuum,
983 1802 1042 1893 qui
1060 1823 1140 1868 casu
1154 1799 1341 1870 bonusest.

366 1916 522 1998 Deinde,
543 1911 774 2010 prestabunt³
792 1917 856 1984 tibi
876 1916 1016 1986 sortasse
1033 1932 1223 2011 praecepta,
1243 1931 1285 1982 ut
1299 1915 1400 2006 quod

318 2047 453 2125 oportet
478 2031 608 2116 iacias3
640 2055 710 2100 non
735 2031 972 2126 prestabunt‚
1001 2048 1072 2112 ut,
1108 2029 1398 2124 quemadmodum

316 2163 452 2248 oportet
470 2164 527 2216 :et
543 2199 553 2232 ,
571 2150 599 2216 si
616 2150 684 2217 hoo
699 2173 770 2218 non
786 2164 948 2243 prestant
956 2200 967 2235 ,
985 2148 1030 2217 ad
1043 2149 1211 2218 Virtutem
1229 2171 1299 2216 nou
1316 2172 1400 2240 per·

257 2287 288 2352 4¹
318 2265 462 2335 ducunt.
480 2267 599 2334 Faciet
623 2266 717 2358 quod
737 2282 872 2360 oportet
895 2267 1065 2352 monitus,
1087 2265 1237 2334 concedo
1256 2292 1264 2331 ι
1282 2263 1344 2333 sed
1358 2263 1400 2332 id

316 2403 438 2472 porum
454 2394 522 2462 est,
539 2381 699 2472 quoniam
718 2374 881 2471 quidem⁴
897 2405 965 2447 non
985 2380 1021 2468 in
1044 2379 1132 2448 iacto
1154 2381 1229 2448 laus
1250 2393 1318 2461 est,
1335 2378 1400 2446 sed

313 2499 353 2563 in
381 2519 442 2576 eo,
471 2495 755 2588 quemadmodum
784 2498 857 2563 fiat.
884 2496 980 2587 Quid
1004 2512 1056 2564 est
1083 2519 1180 2564 coena
1202 2496 1402 2588 sumptuosa

315 2615 538 2708 flagitiosius,
552 2627 592 2681 et
606 2611 801 2706 equestrem
814 2634 953 2680 censum
968 2616 1212 2681 consumente?
1224 2613 1310 2705 quid
1324 2629 1398 2682 tam

316 2729 458 2822 dignum
473 2730 628 2798 censoria
645 2727 746 2810 nota,
764 2731 793 2796 si
805 2730 905 2820 quis,
923 2745 962 2796 ut
980 2730 1037 2796 isti
1062 2751 1233 2823 ganeones
1248 2729 1400 2821 loquun-

316 2860 396 2928 tur,
416 2845 483 2914 sibi
503 2837 590 2913 hoc⁵
606 2862 640 2913 et
659 2843 761 2940 genio
777 2852 839 2913 suo
851 2861 990 2940 praestet
1002 2848 1018 2915 i
1030 2863 1066 2914 et
1079 2848 1181 2918 toties
1198 2864 1310 2916 tomen
1328 2871 1401 2917 ses·

315 2953 442 3028 tertio⁶
468 2960 626 3036 aditiales
652 2985 757 3039 ooenae
784 2959 1020 3054 frugalissimis
1045 2965 1130 3032 viris
1152 2966 1396 3033 constiterunt.

270 3247 271 3252 ¹
315 3213 400 3277 uxore
408 3224 469 3277 dant
480 3247 507 3278 a.
517 3247 538 3278 e.
550 3225 585 3277 Α.
597 3243 645 3278 nee
655 3223 690 3277 ita
700 3224 767 3278 male
777 3215 830 3278 fo'r·
878 3226 1092 3298 praetervirtutem
1097 3237 1196 3280 mutare
1203 3245 1309 3292 nornen,
1316 3227 1399 3280 modo

314 3304 830 3373 ussattecuentmuuneuieiurturma
878 3302 948 3356 mela
962 3301 1036 3369 fieri,
1051 3304 1130 3368 modo
1145 3303 1216 3356 bone
1230 3301 1304 3371 fieri,
1316 3319 1399 3372 prout

313 3384 340 3434 in
348 3383 530 3454 uxore(i.q.in
537 3381 828 3447 uxoremadmr'ssad'.
878 3380 909 3436 iit
926 3382 1013 3435 uteris.
1030 3383 1067 3440 Ita
1088 3381 1307 3456 sumptuosissima
1320 3402 1398 3437 «ειη

351 3481 371 3512 r.
386 3463 514 3514 Pelle'cem.
526 3459 758 3526 Huberepeliicem
770 3460 828 3513 edd.
877 3459 985 3515 luxurie
1012 3479 1086 3514 eausa
1111 3473 1253 3534 apparata,
1276 3465 1398 3515 censore'ee

314 3538 402 3591 invitis
416 3537 560 3600 vett.=libris
571 3537 663 3592 nostris
674 3550 699 3591 at
710 3539 829 3597 Pinnitni
877 3549 941 3592 noto
958 3538 976 3590 i.
994 3539 1098 3611 publiea
1116 3539 1314 3612 reprehensione
1333 3559 1398 3593 eum

316 3617 477 3687 Gruterique.
489 3617 571 3670 Schse.
877 3616 1021 3687 ignominia
1034 3617 1112 3690 digna
1131 3631 1182 3680 est;
1199 3630 1225 3670 at
1238 3635 1311 3671 ωηο
1326 3620 1399 3670 ade·-

348 3695 447 3748 a.Niss'
461 3713 550 3748 usuroe
564 3713 661 3747 manns
675 3695 829 3762 expediren—
877 3698 969 3759 tiada's,
991 3694 1111 3768 epulum,
1131 3695 1200 3765 quod
1225 3695 1252 3748 in
1278 3694 1350 3748 aditu
1371 3707 1398 3748 et

314 3775 393 3824 tuni.
409 3793 430 3824 e.
442 3773 492 3824 nisi
501 3791 607 3840 manus,
619 3791 677 3841 quae
686 3772 762 3824 armis
770 3792 829 3834 usus
877 3773 992 3842 euspicio
1004 3773 1132 3827 honorum
1144 3772 1251 3827 dabatur
1261 3775 1350 3844 (repas
1362 3777 1398 3826 de

312 3869 348 3906 τω
366 3851 430 3917 sint,
450 3871 503 3922 exp.
520 3851 582 3905 Haee
597 3850 698 3904 monuit
712 3851 829 3904 Gronov.
877 3850 1146 3921 ee'eeption),qnamvis
1156 3871 1227 3922 aeque
1235 3862 1395 3924 sumptuosa,

346 3928 370 3978 3.
390 3927 495 3981 Deinde
512 3929 827 3996 proestabunt....oportet.
877 3928 1241 4001 nonrepreirenditur.Rnlrle.

311 4005 455 4078 legaliter,
471 4005 515 4059 sed
533 4023 586 4058 non
603 4005 734 4058 moraliter
748 4025 825 4077 ages,
910 4011 934 4061 5.
949 4007 1008 4062 Sibi
1019 4010 1081 4075 hoe,
1091 4031 1117 4063 a·
1126 4028 1149 4062 c.
1159 4009 1221 4061 Non
1231 4008 1284 4061 sibi
1291 4007 1353 4060 dms.
1361 4007 1393 4058 S.

312 4085 386 4138 nulio
401 4103 532 4138 causarum
544 4097 657 4158 respectu
667 4083 754 4136 habito
763 4122 770 4150 ,
779 4103 827 4138 nee
875 4083 1000 4140 -Sr'bi...
1008 4092 1130 4156 etgenio,
1142 4087 1159 4139 i.
1167 4108 1188 4139 a.
1196 4085 1244 4143 sibi
1252 4085 1318 4146 soii3
1331 4105 1395 4138 narn

312 4163 476 4236 persuasione
487 4175 580 4216 motus,
591 4161 680 4216 flate.
875 4162 968 4235 genius
982 4161 1015 4216 ab
1033 4164 1138 4218 numine
1161 4185 1238 4236 quem
1257 4164 1397 4218 comitatur

345 4247 370 4312 4.
385 4243 522 4315 Quoniam
532 4245 676 4315 an'dem....
685 4245 713 4296 in
716 4245 828 4318 sacto....
875 4262 930 4296 non
944 4255 981 4294 est
993 4243 1198 4316 distinguendus.

304 4321 530 4392 fiat.Secnndnm
541 4321 827 4394 Stoaedogma,omnia
907 4323 933 4376 6.
952 4321 991 4374 Et
1004 4326 1078 4377 toties
1094 4335 1183 4378 tamen
1205 4326 1327 4384 sestertio.
1347 4321 1394 4376 sic
