2950 4934
233 430 471 502 rurs10n.
497 430 748 500 srorcou.
773 427 867 500 mn.
893 431 924 498 1.
1049 435 1114 526 507

51 577 202 658 incipiunt,
214 575 332 658 ingratis
343 583 557 656 patuerant.»
569 573 643 656 (Vll
660 572 698 634 de
711 571 812 634 Beuel.
830 595 858 634 c.
877 570 942 654 31.)
953 570 1118 656 Ignoranti-

49 683 117 744 hus?
137 682 204 744 vidc
220 681 373 765 pueritiam
391 693 538 756 uestram,
552 679 687 742 fateberis
706 703 716 740 r
734 680 810 740 bona
832 680 1026 763 percipimus,
1051 693 1119 742 cute

50 811 143 852 euram
156 809 284 852 mum.
301 787 445 871 lngmtisl
460 789 604 870 reliquum
618 807 704 848 omne
718 807 822 848 evum.
840 784 879 846 Et
893 785 1119 868 quotusquisque

50 899 188 979 agnoseit,
201 898 290 958 immo
299 895 423 980 cogitat?
433 915 520 977 quarn
533 894 616 957 multi
628 891 775 968 dubitant,
789 893 952 976 disputant,
967 893 1118 954 aunuum?

53 1000 115 1062 «lit
125 1002 329 1075 nihilomiuus,
345 1023 425 1064 mure
439 1001 611 1084 optimorum
630 1013 800 1085 pmeutram,
818 1001 869 1082 qui
879 1000 1038 1060 maledictis
1048 1020 1120 1060 suc-

50 1129 109 1169 mm
121 1106 275 1170 infantium
290 1106 435 1182 arrident,
449 1129 508 1171 uun
522 1119 635 1169 cessam
646 1106 787 1173 benefida
801 1127 955 1190 congerere
971 1106 1008 1168 de
1023 1107 1120 1170 bene-

50 1215 172 1274 ficiorum
185 1226 300 1276 auctore
322 1213 548 1278 dubitantibus·
562 1209 722 1296 (Ibidem.)
733 1211 888 1287 Omnibus,
906 1214 1041 1294 inquam,
1057 1214 1120 1274 sine

51 1319 209 1382 discrimine
224 1342 233 1378 c
247 1341 306 1380 ucn
327 1318 411 1380 aliter
429 1340 517 1401 quarn
538 1318 587 1384 sot
608 1318 658 1378 illc
681 1319 712 1378 iu
734 1319 896 1401 promiscuo
914 1318 1001 1380 lucet.
1017 1317 1120 1400 Neque

52 1426 122 1486 enim
135 1425 201 1498 bie,
216 1426 293 1487 utin
307 1424 444 1501 theatris,
458 1425 568 1506 apertio
582 1425 677 1506 aliqua
692 1435 734 1484 est
749 1437 799 1486 aut
812 1424 949 1500 missilia,
965 1425 996 1484 in
1012 1445 1120 1505 paucos

52 1545 79 1592 et
90 1532 316 1616 apprehensurus
335 1555 345 1592 a
364 1543 408 1592 est
426 1530 458 1592 in
479 1551 598 1604 omnes,
620 1531 710 1592 estin
725 1530 928 1606 immerentes,
951 1542 995 1592 est
1015 1531 1046 1594 in
1064 1532 1121 1592 ub-

52 1652 176 1702 nuentes.
196 1666 211 1693 ι
222 1637 335 1719 AEquali
351 1651 450 1700 tencre
468 1638 544 1698 bunc
562 1657 615 1698 sne
635 1659 688 1720 per
705 1649 806 1720 gentes
825 1636 1003 1719 populusque
1022 1637 1122 1700 distri-

52 1746 152 1820 buunt,
167 1767 256 1808 numu
266 1746 358 1807 sortiti
369 1745 541 1829 petentium,
554 1743 722 1825 prodesse.»
736 1742 842 1826 (Ibid.)
852 1744 1007 1824 Atquehcc
1017 1745 1120 1829 dogma

52 1853 87 1912 ita
99 1853 246 1935 proprium
258 1852 381 1925 Stoicis,
401 1864 435 1912 ut
447 1851 639 1912 Tertullianus
653 1850 690 1912 eb
704 1871 739 1914 ec
754 1871 879 1912 errorem
893 1849 1048 1912 Marcionis
1068 1851 1122 1914 ‹lc-

52 1961 144 2020 rivet:
166 1959 283 2034 «lude,
300 1960 413 2041 iuquit,
427 1958 583 2021 Marcionis
602 1960 671 2020 deus
693 1960 807 2030 melier,
829 1959 866 2020 de
882 1959 1085 2040 tranquillitate
1101 1982 1120 2020 a

53 2065 146 2127 Stoicis
163 2080 294 2130 venerat.
320 2093 335 2122 s
355 2065 431 2142 Quis
445 2066 553 2133 scilicet
568 2065 664 2126 Dcum
679 2085 793 2147 semper
811 2063 923 2126 Bonum
943 2067 989 2126 isti
1005 2078 1121 2128 statue-

53 2173 133 2248 haut,
150 2187 181 2234 ct
195 2173 270 2234 nihil
294 2173 332 2234 ub
346 2195 382 2234 eu
396 2173 475 2234 ‘mali
497 2194 630 2244 menare3
653 2172 788 2232 Ponticus
808 2172 858 2234 ille
877 2172 956 2234 fatue
972 2173 1121 2235 fabricau-

54 2279 117 2342 dum
130 2282 220 2344 ulium
234 2282 350 2356 statuit,
361 2280 450 2360 huius
462 2292 619 2343 auctorem.
638 2278 772 2355 frustra,
790 2292 820 2342 ct
832 2281 918 2364 longe
930 2303 947 2342 a
960 2281 1120 2344 Stoicorum

55 2405 142 2447 sensu.
231 2442 235 2449 .

255 2509 260 2516 ’
382 2544 691 2611 urssunuauro
718 2547 783 2610 xi.

54 2707 1118 2796 Dmmfflmbmutmeemuremommumccmquetum

336 2820 519 2898 singulam.
536 2817 598 2901 Qui
608 2820 704 2890 ale‘ter,
719 2817 827 2901 rejecti.

89 3007 143 3068 Ssn
150 3009 267 3070 tertium
276 3009 351 3070 inter
359 3009 502 3070 Attrihuta
511 3021 583 3083 eret,
593 3009 783 3082 Providentia,
795 3007 859 3072 Deo
868 3030 982 3092 semper
991 3031 1008 3070 c
1018 3009 1119 3071 Stoicis

54 3126 168 3190 muta,
188 3127 220 3176 et
239 3115 384 3197 Cleanthis
403 3117 490 3178 etiam
506 3117 562 3176 illis
573 3118 702 3183 versibus
717 3118 833 3181 nomine
844 3121 979 3200 ἐπιμιλυῦς
994 3119 1120 3200 itemque

54 3227 213 3304 φέροντος
225 3223 342 3284 inserta.
356 3223 470 3284 Assera
484 3235 579 3284 nutem
594 3224 631 3284 ab
642 3224 698 3284 illis
711 3225 753 3283 sic
765 3225 883 3298 crebro,
901 3225 942 3285 sic
959 3225 1074 3300 valide,
1088 3237 1121 3286 ut

54 3324 132 3390 ludus
147 3330 286 3411 jocusque
307 3329 414 3392 fuerint
435 3330 603 3392 adversariis
627 3354 636 3392 r
660 3333 709 3413 qui
731 3331 825 3406 haue,
839 3329 998 3412 sutrils'cam
1024 3331 1119 3394 Arum

53 3435 199 3496 Stcim
210 3437 401 3518 appellabant.
416 3437 474 3498 sed
489 3435 574 3512 ades,
588 3451 684 3498 nostra
695 3439 791 3512 Anus,
806 3438 892 3514 ades,
906 3440 1028 3501 amanda
1037 3417 1123 3500 nobis

53 3559 132 3620 super
146 3563 248 3604 omues
259 3543 409 3618 Veneres,
422 3556 453 3606 et
461 3543 610 3604 Venerum
623 3544 754 3630 Amcrcs.
766 3545 808 3606 Te
826 3548 995 3621 asserimur,
1010 3558 1038 3606 et
1053 3567 1118 3606 cum

53 3645 152 3708 Seneca
165 3648 226 3732 (De
242 3649 356 3712 Provid.
377 3673 442 3734 cap.
459 3650 506 3733 1)=
523 3679 537 3706 a
548 3652 671 3714 Praeesse
688 3654 828 3715 universis
845 3652 1074 3727 Providentiam,
1091 3667 1120 3712 ct

51 3754 182 3818 iuteresse
192 3758 277 3818 uobis
285 3757 392 3819 Deum.
405 3784 419 3810 υ
432 3756 481 3818 Ita
491 3779 578 3830 sanc,
593 3759 733 3842 gurbmum
745 3773 774 3820 et
787 3772 890 3842 praeest
900 3759 971 3820 illud
985 3760 1099 3820 Numen
1111 3782 1118 3833 ς

51 3862 97 3922 sed
109 3865 191 3926 adest
203 3866 292 3927 etiam
301 3877 330 3927 et
340 3867 475 3948 interest,
491 3878 520 3929 et
534 3867 656 3928 scienter
667 3880 697 3928 et
705 3867 958 3947 cumiuspecticue
969 3887 1022 3928 uos
1033 3870 1116 3952 regit.

52 3968 144 4032 Cicero
154 3971 200 4054 (ll
212 3971 259 4034 De
267 3972 367 4034 Natur.
378 3972 483 4056 Decr.)
495 3996 504 4033 ε
520 4001 534 4028 c
543 3974 725 4036 Providentia
735 3974 791 4034 Dei
802 3973 963 4050 Mundum,
980 3987 1010 4034 et
1019 3996 1119 4034 omnes

52 4077 107 4155 ejus
117 4092 213 4162 partes
222 4081 260 4142 ab
270 4081 352 4142 initio
362 4082 527 4145 constitutae
539 4104 614 4159 esse,
627 4094 657 4142 et
665 4081 743 4142 omni
755 4093 882 4163 tempore
893 4081 1115 4142 administrari.»

51 4183 116 4246 Nota
129 4187 188 4248 (luc
204 4189 390 4250 Providentia
405 4191 443 4250 ab
456 4211 491 4252 eu
501 4190 622 4270 subjici,
635 4189 873 4252 constitutionem
886 4212 997 4262 rerum,
1014 4201 1045 4250 et
1056 4189 1119 4250 td-
