2950 4934
235 423 774 495 PHY510usT01c0u.
801 423 901 492 LIB.
928 423 1005 491 111.
1093 426 1155 520 671

85 579 142 627 tur.
160 592 174 619 υ
192 565 331 627 Notcmus
352 567 506 629 discrimen
527 568 602 629 inter
622 567 774 641 Animam,
793 580 821 629 et
839 567 994 639 Animum,
1010 566 1089 649 quod
1102 566 1164 630 lere

85 675 188 755 priscis
206 672 315 735 Latinis
330 673 397 735 suit.
414 673 490 735 Nem
503 674 552 735 illu
566 686 627 750 eat,
641 675 852 756 quesivimus,
871 696 904 735 ee
917 675 1056 737 sentimus
1068 698 1077 735 ι
1089 676 1162 751 iste,

84 800 145 859 quo
166 780 352 863 intelligimus
372 781 568 863 sapimusque.
589 779 692 863 ltaque
709 782 810 843 bestiis
830 780 908 843 haud
925 792 1034 843 temere
1054 795 1164 845 veteres

84 886 203 947 dabunt.
218 887 314 947 Attius
328 886 406 968 apud
425 886 572 949 Noninms

150 1064 267 1133 sapimus
276 1063 381 1125 Animo,
394 1062 498 1115 fruimur
509 1064 597 1115 Anima
609 1082 615 1113 :
626 1064 677 1115 sine
690 1066 780 1115 Animo
792 1064 879 1115 Anima
891 1070 928 1113 cst
937 1062 1030 1114 debilis.

83 1248 274 1331 Distinguunt
289 1263 318 1309 et
331 1248 487 1332 Epicurei,
514 1272 547 1309 ac
569 1248 717 1310 Lucretius
735 1248 855 1330 pulchre
873 1248 1009 1308 Animum
1025 1232 1165 1332 velutpu'·
1267 1288 1273 1303 ·

79 1358 183 1435 palam
198 1358 288 1427 oculi,
308 1357 416 1431 idest,
434 1358 561 1431 Animae,
585 1357 666 1417 lacit:
679 1357 779 1438 lpsum
802 1356 857 1415 hoc
874 1354 956 1415 Philo
969 1354 1041 1438 (lib.
1065 1358 1112 1417 Ill
1127 1358 1164 1419 de

82 1463 190 1545 Opilio.
208 1464 336 1548 Mundi)
349 1489 357 1524 ι
377 1493 390 1518 α
404 1466 524 1525 Homini
541 1466 676 1525 Animum
697 1466 836 1525 eximium
851 1464 946 1539 dedit,
960 1466 1044 1525 uliam
1056 1466 1164 1526 Animae

83 1572 228 1643 animam,
247 1583 276 1630 ct
289 1572 367 1631 velut
383 1573 520 1654 pupulum
536 1573 565 1631 in
580 1574 700 1631 oculo.»
717 1570 770 1631 Est
783 1572 861 1653 quod
875 1572 1019 1632 Homerus
1029 1572 1074 1656 (ut
1087 1572 1165 1634 Plato

83 1688 167 1735 notat
178 1678 207 1735 in
217 1675 374 1759 Theaeteto)
384 1679 473 1759 ψυχῆς
483 1683 545 1762 κέαρ
558 1677 647 1751 dixit,
659 1674 848 1737 corAnimoe:
860 1678 933 1737 sicut
941 1676 1164 1739 LatiniMentem

83 1783 180 1843 animi
186 1804 260 1864 saepe
271 1827 279 1855 ‚
295 1795 324 1843 et
335 1784 487 1865 saepissime
498 1783 637 1853 Mentem,
652 1782 783 1843 Graecum
794 1782 865 1843 illud
875 1794 944 1845 Νοῦν
961 1784 1163 1864 exprimentes.

84 1888 251 1950 Lactantius
263 1888 416 1972 (linvll)
426 1915 434 1949 s
445 1917 458 1943 ιι
468 1890 532 1949 Νοιι
541 1902 584 1950 est
594 1890 671 1949 idem
680 1890 765 1949 Mens
777 1900 805 1949 et
815 1889 917 1948 Anima
928 1913 936 1961 ;
947 1889 1024 1949 aliud
1036 1904 1078 1950 est
1089 1893 1166 1951 enim

85 2018 148 2077 quo
164 1996 303 2070 vivimus,
319 1995 398 2055 aliud
411 2018 468 2077 quo
480 1997 647 2079 cogitamus.
661 2022 675 2048 i·
695 1994 752 2056 Sed
765 1996 860 2078 pergit
871 1996 978 2068 Varro,
995 1996 1048 2055 isto
1063 1998 1167 2057 Animo

87 2130 104 2156 α
118 2124 218 2163 omnes
232 2125 329 2164 carere
342 2104 496 2163 mortales:
513 2131 527 2157 s
544 2104 690 2186 intellige,
709 2104 807 2163 brutas
823 2104 1001 2163 Animantes.
1017 2104 1164 2185 Amplius,

85 2210 166 2269 lrunc
187 2212 323 2271 Animum
342 2212 373 2270 in
387 2210 492 2271 Mundi
509 2212 632 2284 Anima,
651 2210 745 2270 Deum
765 2231 828 2270 esse
845 2223 873 2270 et
890 2210 947 2271 dici
964 2234 972 2269 ι
991 2236 1005 2264 ι
1016 2212 1047 2269 in
1064 2212 1165 2285 nobis,
1285 2234 1289 2241 ·

87 2314 228 2378 Genium.
241 2344 255 2370 n
275 2318 321 2377 De
335 2317 427 2378 Geniis
439 2319 493 2378 isto
509 2319 539 2377 in
554 2316 781 2379 Manuductione
794 2316 862 2400 (lib.
879 2316 926 2392 II,
944 2316 1064 2379 Dissert.
1082 2318 1166 2402 mx),

84 2425 110 2482 si
123 2424 261 2483 memoria
274 2437 372 2498 tenes,
389 2418 508 2484 adfatim
520 2446 537 2484 a
553 2424 636 2483 nobis
650 2424 758 2484 dicmur
770 2467 778 2498 ‚
797 2438 826 2484 et
838 2424 975 2485 Varronis
985 2422 1061 2483 hunc
1072 2424 1166 2484 locum

82 2532 187 2612 junge.
204 2529 325 2612 Reliqua
348 2532 379 2589 in
394 2530 581 2591 Varronianis
599 2530 695 2590 lucem
711 2553 728 2588 n
746 2551 777 2589 se
793 2529 909 2589 habent.

397 2782 712 2847 nlssEltTnTm
732 2782 857 2844 XVII.

86 2992 163 3053 Alia
178 2994 332 3053 Stoicam
347 2993 446 3053 divisio
460 2992 578 3061 uberior.
602 2992 722 3073 &mque
736 2990 864 3061 Seneca,
882 3000 997 3072 utraque
1009 2992 1166 3071 explz'cotu.

137 3225 180 3283 Ar
194 3245 262 3285 vcro
276 3225 364 3285 Stoici
379 3223 461 3283 aliter
477 3236 506 3283 et
521 3222 634 3303 plenius
648 3222 738 3281 multo
750 3220 903 3281 dividunt:
916 3241 1036 3301 quorum
1048 3232 1169 3281 senten-

88 3332 243 3417 tias(nam
253 3345 283 3392 et
295 3333 371 3392 inter
383 3351 415 3391 sc
434 3330 535 3390 leviter
548 3326 703 3410 differunt)
717 3328 785 3409 quia
799 3326 990 3389 Tertullianus
1005 3329 1168 3388 summatim

88 3442 210 3513 retulit,
228 3441 288 3519 ejus
311 3438 398 3497 verba
413 3435 533 3507 audies,
549 3448 610 3495 turn
623 3448 750 3495 nostram
765 3434 1039 3516 interpretationem.
1054 3436 1103 3495 Ait
1114 3433 1168 3517 (de

88 3549 217 3619 Anima,
233 3566 297 3626 cap.
319 3540 377 3625 14)
392 3567 401 3601 t
421 3569 434 3594 α
450 3540 597 3601 Dividitur
612 3541 716 3600 Anima
736 3541 767 3599 in
789 3554 905 3621 partes,
926 3563 1003 3601 nunc
1020 3542 1050 3599 in
1067 3541 1166 3601 duasa

90 3657 230 3727 Platone,
246 3674 323 3713 nunc
338 3652 369 3711 in
386 3663 445 3711 tres
459 3670 476 3708 a
490 3648 622 3720 Zenone,
638 3671 716 3707 nunc
732 3649 763 3706 in
780 3649 906 3729 quinque
923 3660 952 3707 et
966 3649 996 3707 in
1011 3668 1062 3707 sex
1076 3670 1094 3709 a
1108 3648 1168 3707 Pa·
1204 3686 1206 3691 ·

88 3763 194 3835 natio,
212 3773 241 3820 ct
261 3762 292 3818 in
313 3772 422 3840 septem
437 3780 455 3817 a
470 3756 594 3829 Sorano,
613 3777 690 3815 nunc
711 3756 742 3815 in
763 3768 826 3815 octo
847 3777 936 3837 penes
952 3754 1165 3838 Chrysippum

88 3871 181 3933 etium
196 3870 227 3927 in
242 3887 346 3927 novem
361 3886 448 3947 penes
464 3861 707 3945 Apollophancm,
723 3862 774 3923 sed
788 3876 817 3924 et
831 3864 860 3923 in
875 3862 974 3924 decem
989 3862 1066 3944 apud
1079 3884 1169 3943 quos-

88 3980 162 4039 dam
174 3975 350 4045 Stoicorum,
362 3985 392 4033 et
405 3973 435 4031 in
447 3972 519 4031 dous
531 3971 654 4052 amplius
667 3969 745 4051 opud
758 3967 955 4045 Posidonium,
967 3972 1043 4053 quia
1055 3970 1166 4031 duobus

87 4104 213 4147 exorsiu
228 4081 335 4153 titulis,
357 4078 512 4159 Principali
526 4076 604 4159 quod
619 4078 701 4137 aiunt
714 4076 879 4160 ἡγεμονικὴ,
900 4090 929 4137 et
944 4076 1073 4139 rationali
1089 4076 1166 4159 quod

88 4193 177 4253 aiunt
190 4193 310 4273 ληιιόν,
329 4189 359 4247 in
374 4186 524 4249 duodecim
547 4184 653 4247 exinde
673 4185 827 4266 prosecuit.
851 4183 894 4244 lta
916 4186 947 4245 in
970 4184 1039 4245 alias
1053 4206 1089 4245 cx
1103 4182 1166 4243 aliis
1190 4202 1194 4209 ·
