<?xml version="1.0" encoding="UTF-8"?>
<!DOCTYPE html PUBLIC "-//W3C//DTD XHTML 1.0 Transitional//EN"
    "http://www.w3.org/TR/xhtml1/DTD/xhtml1-transitional.dtd">
<html xmlns="http://www.w3.org/1999/xhtml" xml:lang="en" lang="en">
 <head>
  <title>
</title>
<meta http-equiv="Content-Type" content="text/html;charset=utf-8" />
  <meta name='ocr-system' content='tesseract 3.04.00' />
  <meta name='ocr-capabilities' content='ocr_page ocr_carea ocr_par ocr_line ocrx_word'/>
</head>
<body>
  <div class='ocr_page' id='page_1' title='image "./lannsenecparspr04bouigoog_0343.png"; bbox 0 0 2950 4934; ppageno 0'>
   <div class='ocr_carea' id='block_1_1' title="bbox 375 440 1145 515">
    <p class='ocr_par' dir='ltr' id='par_1_1' title="bbox 375 440 1145 515">
     <span class='ocr_line' id='line_1_1' title="bbox 375 440 1145 515; baseline 0.001 -2"><span class='ocrx_word' id='word_1_1' title='bbox 375 440 643 515; x_wconf 78' lang='lat' dir='ltr'><strong>EPISTULA</strong></span> <span class='ocrx_word' id='word_1_2' title='bbox 667 444 815 513; x_wconf 84' lang='lat' dir='ltr'>CXXI.</span> <span class='ocrx_word' id='word_1_3' title='bbox 1080 446 1145 514; x_wconf 82' lang='lat'><strong>333</strong></span> 
     </span>
    </p>
   </div>
   <div class='ocr_carea' id='block_1_2' title="bbox 85 570 1253 3095">
    <p class='ocr_par' dir='ltr' id='par_1_2' title="bbox 85 570 1253 3095">
     <span class='ocr_line' id='line_1_2' title="bbox 91 570 1148 667; baseline -0.001 -23"><span class='ocrx_word' id='word_1_4' title='bbox 91 578 122 645; x_wconf 84' lang='lat' dir='ltr'><strong>iu</strong></span> <span class='ocrx_word' id='word_1_5' title='bbox 139 598 202 667; x_wconf 89' lang='lat' dir='ltr'><strong>quo</strong></span> <span class='ocrx_word' id='word_1_6' title='bbox 220 575 371 643; x_wconf 74' lang='lat' dir='ltr'><strong>nascitur</strong></span> <span class='ocrx_word' id='word_1_7' title='bbox 387 623 396 658; x_wconf 91' lang='lat'>‚</span> <span class='ocrx_word' id='word_1_8' title='bbox 420 573 607 644; x_wconf 70' lang='lat' dir='ltr'><strong>secuudum</strong></span> <span class='ocrx_word' id='word_1_9' title='bbox 631 589 787 643; x_wconf 85' lang='lat' dir='ltr'><strong>naturam</strong></span> <span class='ocrx_word' id='word_1_10' title='bbox 806 588 872 642; x_wconf 83' lang='lat' dir='ltr'><strong>eet.</strong></span> <span class='ocrx_word' id='word_1_11' title='bbox 888 570 1058 643; x_wconf 74' lang='lat' dir='ltr'><strong>Primum¹</strong></span> <span class='ocrx_word' id='word_1_12' title='bbox 1079 574 1148 643; x_wconf 83' lang='lat' dir='ltr'><strong>eibi</strong></span> 
     </span>
     <span class='ocr_line' id='line_1_3' title="bbox 91 685 1150 782; baseline 0 -27"><span class='ocrx_word' id='word_1_13' title='bbox 91 692 148 782; x_wconf 79' lang='lat' dir='ltr'><strong>ipsi</strong></span> <span class='ocrx_word' id='word_1_14' title='bbox 157 688 357 757; x_wconf 85' lang='lat' dir='ltr'><strong>conciliatur</strong></span> <span class='ocrx_word' id='word_1_15' title='bbox 368 687 511 773; x_wconf 73' lang='lat' dir='ltr'><strong>animal,</strong></span> <span class='ocrx_word' id='word_1_16' title='bbox 526 685 628 756; x_wconf 89' lang='lat' dir='ltr'><strong>debet</strong></span> <span class='ocrx_word' id='word_1_17' title='bbox 641 687 732 755; x_wconf 84' lang='lat' dir='ltr'><strong>enim</strong></span> <span class='ocrx_word' id='word_1_18' title='bbox 745 685 879 779; x_wconf 88' lang='lat' dir='ltr'><strong>aliquid</strong></span> <span class='ocrx_word' id='word_1_19' title='bbox 890 710 985 769; x_wconf 76' lang='lat' dir='ltr'><strong>enee,</strong></span> <span class='ocrx_word' id='word_1_20' title='bbox 997 685 1043 754; x_wconf 88' lang='lat' dir='ltr'><strong>ad</strong></span> <span class='ocrx_word' id='word_1_21' title='bbox 1056 685 1150 778; x_wconf 91' lang='lat' dir='ltr'><strong>quod</strong></span> 
     </span>
     <span class='ocr_line' id='line_1_4' title="bbox 92 800 1149 897; baseline 0 -26"><span class='ocrx_word' id='word_1_22' title='bbox 92 804 149 872; x_wconf 87' lang='lat' dir='ltr'><strong>alia</strong></span> <span class='ocrx_word' id='word_1_23' title='bbox 163 803 368 873; x_wconf 87' lang='lat' dir='ltr'><strong>referantur.</strong></span> <span class='ocrx_word' id='word_1_24' title='bbox 391 803 604 897; x_wconf 74' lang='lat' dir='ltr'><strong>Voluptatem</strong></span> <span class='ocrx_word' id='word_1_25' title='bbox 620 818 699 895; x_wconf 91' lang='lat' dir='ltr'><strong>peto</strong></span> <span class='ocrx_word' id='word_1_26' title='bbox 715 829 727 868; x_wconf 68' lang='lat' dir='ltr'><strong>t</strong></span> <span class='ocrx_word' id='word_1_27' title='bbox 750 804 836 871; x_wconf 73' lang='lat' dir='ltr'><strong>oui?</strong></span> <span class='ocrx_word' id='word_1_28' title='bbox 852 800 959 872; x_wconf 83' lang='lat' dir='ltr'><strong>mihil</strong></span> <span class='ocrx_word' id='word_1_29' title='bbox 982 826 1066 896; x_wconf 81' lang='lat' dir='ltr'><strong>ergo</strong></span> <span class='ocrx_word' id='word_1_30' title='bbox 1079 806 1149 871; x_wconf 87' lang='lat' dir='ltr'><strong>mei</strong></span> 
     </span>
     <span class='ocr_line' id='line_1_5' title="bbox 91 915 1149 1013; baseline 0 -26"><span class='ocrx_word' id='word_1_31' title='bbox 91 943 195 987; x_wconf 85' lang='lat' dir='ltr'><strong>curam</strong></span> <span class='ocrx_word' id='word_1_32' title='bbox 214 943 294 1013; x_wconf 79' lang='lat' dir='ltr'><strong>ago.</strong></span> <span class='ocrx_word' id='word_1_33' title='bbox 317 916 477 987; x_wconf 85' lang='lat' dir='ltr'>Dolorem</span> <span class='ocrx_word' id='word_1_34' title='bbox 498 918 630 1010; x_wconf 75' lang='lat' dir='ltr'><strong>refugio</strong></span> <span class='ocrx_word' id='word_1_35' title='bbox 653 944 661 983; x_wconf 72' lang='grc' dir='ltr'>ι</span> <span class='ocrx_word' id='word_1_36' title='bbox 685 920 866 1013; x_wconf 81' lang='lat' dir='ltr'><strong>proquo?</strong></span> <span class='ocrx_word' id='word_1_37' title='bbox 887 943 951 1013; x_wconf 90' lang='lat' dir='ltr'><strong>pro</strong></span> <span class='ocrx_word' id='word_1_38' title='bbox 968 915 1044 987; x_wconf 88' lang='lat' dir='ltr'><strong>me!</strong></span> <span class='ocrx_word' id='word_1_39' title='bbox 1064 943 1149 1012; x_wconf 77' lang='lat' dir='ltr'><strong>ergo</strong></span> 
     </span>
     <span class='ocr_line' id='line_1_6' title="bbox 90 1034 1149 1129; baseline -0.002 -26"><span class='ocrx_word' id='word_1_40' title='bbox 90 1036 149 1103; x_wconf 87' lang='lat' dir='ltr'><strong>mei</strong></span> <span class='ocrx_word' id='word_1_41' title='bbox 161 1058 275 1104; x_wconf 86' lang='lat' dir='ltr'><strong>curam</strong></span> <span class='ocrx_word' id='word_1_42' title='bbox 289 1058 367 1129; x_wconf 82' lang='lat' dir='ltr'><strong>ago.</strong></span> <span class='ocrx_word' id='word_1_43' title='bbox 383 1035 419 1103; x_wconf 90' lang='lat' dir='ltr'><strong>Si</strong></span> <span class='ocrx_word' id='word_1_44' title='bbox 439 1036 552 1102; x_wconf 88' lang='lat' dir='ltr'><strong>omnia</strong></span> <span class='ocrx_word' id='word_1_45' title='bbox 567 1050 708 1127; x_wconf 91' lang='lat' dir='ltr'><strong>propter</strong></span> <span class='ocrx_word' id='word_1_46' title='bbox 726 1058 844 1103; x_wconf 81' lang='lat' dir='ltr'><strong>curam</strong></span> <span class='ocrx_word' id='word_1_47' title='bbox 859 1036 927 1103; x_wconf 90' lang='lat' dir='ltr'><strong>mei</strong></span> <span class='ocrx_word' id='word_1_48' title='bbox 944 1034 1052 1117; x_wconf 80' lang='lat' dir='ltr'><strong>lucio,</strong></span> <span class='ocrx_word' id='word_1_49' title='bbox 1067 1050 1149 1107; x_wconf 80' lang='lat' dir='ltr'><strong>aute</strong></span> 
     </span>
     <span class='ocr_line' id='line_1_7' title="bbox 90 1151 1211 1239; baseline 0.003 -21"><span class='ocrx_word' id='word_1_50' title='bbox 90 1154 194 1221; x_wconf 88' lang='lat' dir='ltr'><strong>omnia</strong></span> <span class='ocrx_word' id='word_1_51' title='bbox 211 1167 262 1221; x_wconf 81' lang='lat' dir='ltr'><strong>eet</strong></span> <span class='ocrx_word' id='word_1_52' title='bbox 281 1153 348 1223; x_wconf 87' lang='lat' dir='ltr'><strong>mei</strong></span> <span class='ocrx_word' id='word_1_53' title='bbox 366 1174 460 1221; x_wconf 87' lang='lat' dir='ltr'><strong>cura.</strong></span> <span class='ocrx_word' id='word_1_54' title='bbox 487 1154 567 1221; x_wconf 79' lang='lat' dir='ltr'><strong>Hae</strong></span> <span class='ocrx_word' id='word_1_55' title='bbox 584 1151 787 1221; x_wconf 75' lang='lat' dir='ltr'><strong>animalibus</strong></span> <span class='ocrx_word' id='word_1_56' title='bbox 804 1154 893 1221; x_wconf 80' lang='lat' dir='ltr'><strong>ineat</strong></span> <span class='ocrx_word' id='word_1_57' title='bbox 907 1154 1065 1239; x_wconf 72' lang='lat' dir='ltr'><strong>eunctis,</strong></span> <span class='ocrx_word' id='word_1_58' title='bbox 1084 1176 1150 1221; x_wconf 85' lang='lat' dir='ltr'><strong>neo</strong></span> <span class='ocrx_word' id='word_1_59' title='bbox 1207 1223 1211 1229; x_wconf 63' lang='grc'>,</span> 
     </span>
     <span class='ocr_line' id='line_1_8' title="bbox 89 1266 1205 1372; baseline 0.004 -37"><span class='ocrx_word' id='word_1_60' title='bbox 89 1271 283 1352; x_wconf 79' lang='lat' dir='ltr'><strong>inseritur²,</strong></span> <span class='ocrx_word' id='word_1_61' title='bbox 306 1267 366 1337; x_wconf 81' lang='lat' dir='ltr'><strong>aed</strong></span> <span class='ocrx_word' id='word_1_62' title='bbox 385 1270 584 1372; x_wconf 75' lang='lat' dir='ltr'><strong>innascitur.</strong></span> <span class='ocrx_word' id='word_1_63' title='bbox 604 1266 768 1337; x_wconf 81' lang='lat' dir='ltr'><strong>Producit</strong></span> <span class='ocrx_word' id='word_1_64' title='bbox 784 1270 884 1337; x_wconf 85' lang='lat' dir='ltr'><strong>foetue</strong></span> <span class='ocrx_word' id='word_1_65' title='bbox 904 1293 982 1337; x_wconf 82' lang='lat' dir='ltr'><strong>euoa</strong></span> <span class='ocrx_word' id='word_1_66' title='bbox 999 1285 1145 1354; x_wconf 79' lang='lat' dir='ltr'><strong>natum,</strong></span> <span class='ocrx_word' id='word_1_67' title='bbox 1176 1314 1205 1367; x_wconf 66' lang='lat'><strong>‚⁸</strong></span> 
     </span>
     <span class='ocr_line' id='line_1_9' title="bbox 86 1384 1145 1479; baseline 0.001 -28"><span class='ocrx_word' id='word_1_68' title='bbox 86 1408 150 1451; x_wconf 90' lang='lat' dir='ltr'><strong>non</strong></span> <span class='ocrx_word' id='word_1_69' title='bbox 163 1384 305 1478; x_wconf 63' lang='lat' dir='ltr'><strong>abjicit,</strong></span> <span class='ocrx_word' id='word_1_70' title='bbox 326 1400 381 1469; x_wconf 80' lang='lat' dir='ltr'><strong>et,</strong></span> <span class='ocrx_word' id='word_1_71' title='bbox 396 1386 483 1477; x_wconf 85' lang='lat' dir='ltr'><strong>¹quia</strong></span> <span class='ocrx_word' id='word_1_72' title='bbox 506 1384 611 1453; x_wconf 89' lang='lat' dir='ltr'><strong>tutela</strong></span> <span class='ocrx_word' id='word_1_73' title='bbox 631 1384 819 1453; x_wconf 85' lang='lat' dir='ltr'><strong>eertieeima</strong></span> <span class='ocrx_word' id='word_1_74' title='bbox 838 1408 878 1454; x_wconf 85' lang='lat' dir='ltr'><strong>ex</strong></span> <span class='ocrx_word' id='word_1_75' title='bbox 900 1386 1053 1479; x_wconf 83' lang='lat' dir='ltr'><strong>proximo</strong></span> <span class='ocrx_word' id='word_1_76' title='bbox 1069 1400 1145 1468; x_wconf 86' lang='lat' dir='ltr'><strong>eet,</strong></span> 
     </span>
     <span class='ocr_line' id='line_1_10' title="bbox 89 1500 1150 1596; baseline 0.003 -29"><span class='ocrx_word' id='word_1_77' title='bbox 89 1500 146 1569; x_wconf 82' lang='lat' dir='ltr'><strong>sibi</strong></span> <span class='ocrx_word' id='word_1_78' title='bbox 162 1503 311 1595; x_wconf 82' lang='lat' dir='ltr'><strong>quisquo</strong></span> <span class='ocrx_word' id='word_1_79' title='bbox 327 1502 523 1571; x_wconf 74' lang='lat' dir='ltr'><strong>commissus</strong></span> <span class='ocrx_word' id='word_1_80' title='bbox 541 1517 604 1569; x_wconf 81' lang='lat' dir='ltr'><strong>eet.</strong></span> <span class='ocrx_word' id='word_1_81' title='bbox 626 1502 766 1593; x_wconf 84' lang='lat' dir='ltr'><strong>ltaque,</strong></span> <span class='ocrx_word' id='word_1_82' title='bbox 781 1518 821 1572; x_wconf 93' lang='lat' dir='ltr'><strong>ut</strong></span> <span class='ocrx_word' id='word_1_83' title='bbox 837 1501 1010 1596; x_wconf 73' lang='lat' dir='ltr'>prioribus</span> <span class='ocrx_word' id='word_1_84' title='bbox 1022 1503 1150 1596; x_wconf 85' lang='lat' dir='ltr'><strong>epieto·</strong></span> 
     </span>
     <span class='ocr_line' id='line_1_11' title="bbox 89 1610 1147 1707; baseline 0.005 -28"><span class='ocrx_word' id='word_1_85' title='bbox 89 1610 145 1681; x_wconf 75' lang='lat' dir='ltr'><strong>lis³</strong></span> <span class='ocrx_word' id='word_1_86' title='bbox 169 1613 267 1701; x_wconf 83' lang='lat' dir='ltr'>dixi,</span> <span class='ocrx_word' id='word_1_87' title='bbox 294 1631 412 1683; x_wconf 88' lang='lat' dir='ltr'><strong>tenera</strong></span> <span class='ocrx_word' id='word_1_88' title='bbox 434 1638 570 1707; x_wconf 88' lang='lat' dir='ltr'><strong>quoque</strong></span> <span class='ocrx_word' id='word_1_89' title='bbox 591 1615 770 1699; x_wconf 89' lang='lat' dir='ltr'><strong>animalia,</strong></span> <span class='ocrx_word' id='word_1_90' title='bbox 792 1638 834 1683; x_wconf 81' lang='lat' dir='ltr'><strong>ex</strong></span> <span class='ocrx_word' id='word_1_91' title='bbox 850 1631 1004 1685; x_wconf 86' lang='lat' dir='ltr'><strong>materno</strong></span> <span class='ocrx_word' id='word_1_92' title='bbox 1023 1632 1147 1699; x_wconf 83' lang='lat' dir='ltr'><strong>utero,</strong></span> 
     </span>
     <span class='ocr_line' id='line_1_12' title="bbox 88 1726 1151 1823; baseline 0.005 -30"><span class='ocrx_word' id='word_1_93' title='bbox 88 1728 135 1795; x_wconf 83' lang='lat' dir='ltr'><strong>vel</strong></span> <span class='ocrx_word' id='word_1_94' title='bbox 151 1753 290 1821; x_wconf 86' lang='lat' dir='ltr'><strong>quoquo</strong></span> <span class='ocrx_word' id='word_1_95' title='bbox 308 1726 433 1814; x_wconf 87' lang='lat' dir='ltr'><strong>modo,</strong></span> <span class='ocrx_word' id='word_1_96' title='bbox 453 1728 560 1797; x_wconf 82' lang='lat' dir='ltr'><strong>effusa</strong></span> <span class='ocrx_word' id='word_1_97' title='bbox 574 1777 586 1813; x_wconf 98' lang='lat'><strong>,</strong></span> <span class='ocrx_word' id='word_1_98' title='bbox 608 1728 691 1820; x_wconf 91' lang='lat' dir='ltr'><strong>quid</strong></span> <span class='ocrx_word' id='word_1_99' title='bbox 709 1731 755 1797; x_wconf 82' lang='lat' dir='ltr'><strong>eit</strong></span> <span class='ocrx_word' id='word_1_100' title='bbox 769 1728 930 1798; x_wconf 82' lang='lat' dir='ltr'><strong>inleatnm</strong></span> <span class='ocrx_word' id='word_1_101' title='bbox 945 1731 1029 1823; x_wconf 75' lang='lat' dir='ltr'><strong>iptio</strong></span> <span class='ocrx_word' id='word_1_102' title='bbox 1042 1731 1151 1823; x_wconf 88' lang='lat' dir='ltr'><strong>proti·</strong></span> 
     </span>
     <span class='ocr_line' id='line_1_13' title="bbox 87 1844 1151 1938; baseline 0.003 -28"><span class='ocrx_word' id='word_1_103' title='bbox 87 1868 145 1913; x_wconf 80' lang='lat' dir='ltr'><strong>nuo</strong></span> <span class='ocrx_word' id='word_1_104' title='bbox 154 1860 294 1927; x_wconf 86' lang='lat' dir='ltr'><strong>norunt,</strong></span> <span class='ocrx_word' id='word_1_105' title='bbox 304 1860 340 1915; x_wconf 87' lang='lat' dir='ltr'><strong>et</strong></span> <span class='ocrx_word' id='word_1_106' title='bbox 349 1845 526 1914; x_wconf 83' lang='lat' dir='ltr'><strong>mortifera</strong></span> <span class='ocrx_word' id='word_1_107' title='bbox 539 1844 706 1930; x_wconf 80' lang='lat' dir='ltr'><strong>devitant3</strong></span> <span class='ocrx_word' id='word_1_108' title='bbox 721 1846 876 1915; x_wconf 89' lang='lat' dir='ltr'><strong>umbram</strong></span> <span class='ocrx_word' id='word_1_109' title='bbox 888 1868 1025 1938; x_wconf 85' lang='lat' dir='ltr'><strong>quoque</strong></span> <span class='ocrx_word' id='word_1_110' title='bbox 1040 1862 1151 1915; x_wconf 84' lang='lat' dir='ltr'><strong>trane-</strong></span> 
     </span>
     <span class='ocr_line' id='line_1_14' title="bbox 86 1956 1148 2055; baseline 0.005 -31"><span class='ocrx_word' id='word_1_111' title='bbox 86 1959 266 2029; x_wconf 79' lang='lat' dir='ltr'><strong>volantium</strong></span> <span class='ocrx_word' id='word_1_112' title='bbox 285 1957 510 2028; x_wconf 79' lang='lat' dir='ltr'><strong>reformidant</strong></span> <span class='ocrx_word' id='word_1_113' title='bbox 528 1960 672 2028; x_wconf 81' lang='lat' dir='ltr'><strong>obnoxia</strong></span> <span class='ocrx_word' id='word_1_114' title='bbox 687 1961 808 2030; x_wconf 84' lang='lat' dir='ltr'><strong>avibue</strong></span> <span class='ocrx_word' id='word_1_115' title='bbox 826 1978 922 2055; x_wconf 82' lang='lat' dir='ltr'><strong>rupto</strong></span> <span class='ocrx_word' id='word_1_116' title='bbox 940 1956 1148 2031; x_wconf 71' lang='lat' dir='ltr'><strong>viventibus.</strong></span> 
     </span>
     <span class='ocr_line' id='line_1_15' title="bbox 87 2063 1094 2170; baseline 0.008 -31"><span class='ocrx_word' id='word_1_117' title='bbox 87 2074 220 2145; x_wconf 89' lang='lat' dir='ltr'><strong>Nullum</strong></span> <span class='ocrx_word' id='word_1_118' title='bbox 238 2076 364 2144; x_wconf 86' lang='lat' dir='ltr'><strong>animal</strong></span> <span class='ocrx_word' id='word_1_119' title='bbox 381 2075 425 2144; x_wconf 84' lang='lat' dir='ltr'><strong>ad</strong></span> <span class='ocrx_word' id='word_1_120' title='bbox 443 2076 545 2144; x_wconf 82' lang='lat' dir='ltr'><strong>vitam</strong></span> <span class='ocrx_word' id='word_1_121' title='bbox 559 2074 678 2170; x_wconf 81' lang='lat' dir='ltr'><strong>prodit</strong></span> <span class='ocrx_word' id='word_1_122' title='bbox 695 2079 769 2147; x_wconf 82' lang='lat' dir='ltr'><strong>eine</strong></span> <span class='ocrx_word' id='word_1_123' title='bbox 790 2094 881 2147; x_wconf 86' lang='lat' dir='ltr'><strong>metu</strong></span> <span class='ocrx_word' id='word_1_124' title='bbox 898 2080 1029 2149; x_wconf 76' lang='lat' dir='ltr'><strong>mortio.</strong></span> <span class='ocrx_word' id='word_1_125' title='bbox 1092 2063 1094 2070; x_wconf 41' lang='lat'>⁵</span> 
     </span>
     <span class='ocr_line' id='line_1_16' title="bbox 132 2185 1210 2298; baseline 0.004 -41"><span class='ocrx_word' id='word_1_126' title='bbox 132 2190 449 2282; x_wconf 85' lang='lat' dir='ltr'><strong>Quemadmodum,</strong></span> <span class='ocrx_word' id='word_1_127' title='bbox 474 2185 626 2283; x_wconf 78' lang='lat' dir='ltr'><strong>inquit⁴,</strong></span> <span class='ocrx_word' id='word_1_128' title='bbox 649 2192 778 2261; x_wconf 92' lang='lat' dir='ltr'><strong>editum</strong></span> <span class='ocrx_word' id='word_1_129' title='bbox 794 2193 921 2261; x_wconf 89' lang='lat' dir='ltr'><strong>animal</strong></span> <span class='ocrx_word' id='word_1_130' title='bbox 944 2190 1154 2261; x_wconf 82' lang='lat' dir='ltr'><strong>intellectum</strong></span> <span class='ocrx_word' id='word_1_131' title='bbox 1181 2244 1210 2298; x_wconf 75' lang='lat'><strong>¹9</strong></span> 
     </span>
     <span class='ocr_line' id='line_1_17' title="bbox 87 2300 1156 2401; baseline 0.006 -32"><span class='ocrx_word' id='word_1_132' title='bbox 87 2300 236 2387; x_wconf 86' lang='lat' dir='ltr'><strong>hahere,</strong></span> <span class='ocrx_word' id='word_1_133' title='bbox 255 2322 313 2374; x_wconf 91' lang='lat' dir='ltr'><strong>aut</strong></span> <span class='ocrx_word' id='word_1_134' title='bbox 327 2306 502 2387; x_wconf 73' lang='lat' dir='ltr'><strong>salutarie,</strong></span> <span class='ocrx_word' id='word_1_135' title='bbox 516 2323 575 2375; x_wconf 86' lang='lat' dir='ltr'><strong>aut</strong></span> <span class='ocrx_word' id='word_1_136' title='bbox 586 2308 767 2376; x_wconf 77' lang='lat' dir='ltr'><strong>mortifera</strong></span> <span class='ocrx_word' id='word_1_137' title='bbox 781 2310 855 2391; x_wconf 90' lang='lat' dir='ltr'><strong>rei,</strong></span> <span class='ocrx_word' id='word_1_138' title='bbox 872 2323 982 2401; x_wconf 82' lang='lat' dir='ltr'><strong>poteet</strong></span> <span class='ocrx_word' id='word_1_139' title='bbox 994 2310 1009 2376; x_wconf 77' lang='lat' dir='ltr'><strong>l</strong></span> <span class='ocrx_word' id='word_1_140' title='bbox 1020 2310 1156 2377; x_wconf 90' lang='lat' dir='ltr'><strong>-Pri-</strong></span> 
     </span>
     <span class='ocr_line' id='line_1_18' title="bbox 87 2420 1253 2517; baseline 0.007 -34"><span class='ocrx_word' id='word_1_141' title='bbox 87 2440 173 2487; x_wconf 91' lang='lat' dir='ltr'><strong>mum</strong></span> <span class='ocrx_word' id='word_1_142' title='bbox 194 2420 385 2511; x_wconf 82' lang='lat' dir='ltr'><strong>quaeritur,</strong></span> <span class='ocrx_word' id='word_1_143' title='bbox 401 2444 446 2488; x_wconf 88' lang='lat' dir='ltr'><strong>an</strong></span> <span class='ocrx_word' id='word_1_144' title='bbox 462 2420 649 2513; x_wconf 78' lang='lat' dir='ltr'><strong>intelligat,</strong></span> <span class='ocrx_word' id='word_1_145' title='bbox 670 2447 741 2517; x_wconf 82' lang='lat' dir='ltr'><strong>non</strong></span> <span class='ocrx_word' id='word_1_146' title='bbox 758 2420 1042 2513; x_wconf 88' lang='lat' dir='ltr'><strong>quemadmodum</strong></span> <span class='ocrx_word' id='word_1_147' title='bbox 1054 2423 1156 2491; x_wconf 86' lang='lat' dir='ltr'><strong>intol—</strong></span> <span class='ocrx_word' id='word_1_148' title='bbox 1249 2486 1253 2491; x_wconf 88' lang='lat'><em>.</em></span> 
     </span>
     <span class='ocr_line' id='line_1_19' title="bbox 88 2531 1157 2630; baseline 0.009 -34"><span class='ocrx_word' id='word_1_149' title='bbox 88 2531 179 2625; x_wconf 79' lang='lat' dir='ltr'><strong>ligat.</strong></span> <span class='ocrx_word' id='word_1_150' title='bbox 203 2536 285 2603; x_wconf 74' lang='lat' dir='ltr'><strong>ane</strong></span> <span class='ocrx_word' id='word_1_151' title='bbox 302 2549 414 2603; x_wconf 86' lang='lat' dir='ltr'><strong>autem</strong></span> <span class='ocrx_word' id='word_1_152' title='bbox 429 2534 497 2603; x_wconf 85' lang='lat' dir='ltr'><strong>illie</strong></span> <span class='ocrx_word' id='word_1_153' title='bbox 512 2536 721 2605; x_wconf 85' lang='lat' dir='ltr'><strong>intellectum</strong></span> <span class='ocrx_word' id='word_1_154' title='bbox 734 2587 744 2619; x_wconf 93' lang='lat'>‚</span> <span class='ocrx_word' id='word_1_155' title='bbox 759 2561 802 2604; x_wconf 82' lang='lat' dir='ltr'><strong>ex</strong></span> <span class='ocrx_word' id='word_1_156' title='bbox 815 2560 857 2605; x_wconf 89' lang='lat' dir='ltr'><strong>eo</strong></span> <span class='ocrx_word' id='word_1_157' title='bbox 874 2552 1016 2630; x_wconf 84' lang='lat' dir='ltr'><strong>apparet</strong></span> <span class='ocrx_word' id='word_1_158' title='bbox 1033 2585 1043 2618; x_wconf 91' lang='lat'>‚</span> <span class='ocrx_word' id='word_1_159' title='bbox 1063 2537 1157 2629; x_wconf 88' lang='lat' dir='ltr'><strong>quod</strong></span> 
     </span>
     <span class='ocr_line' id='line_1_20' title="bbox 87 2643 1157 2747; baseline 0.006 -32"><span class='ocrx_word' id='word_1_160' title='bbox 87 2647 172 2718; x_wconf 87' lang='lat' dir='ltr'><strong>nihil</strong></span> <span class='ocrx_word' id='word_1_161' title='bbox 192 2643 359 2743; x_wconf 76' lang='lat' dir='ltr'><strong>amplius,</strong></span> <span class='ocrx_word' id='word_1_162' title='bbox 384 2652 412 2719; x_wconf 85' lang='lat' dir='ltr'><strong>ei</strong></span> <span class='ocrx_word' id='word_1_163' title='bbox 427 2649 679 2734; x_wconf 83' lang='lat' dir='ltr'><strong>intellexerint,</strong></span> <span class='ocrx_word' id='word_1_164' title='bbox 701 2654 836 2721; x_wconf 85' lang='lat' dir='ltr'><strong>faciant.</strong></span> <span class='ocrx_word' id='word_1_165' title='bbox 853 2652 951 2747; x_wconf 86' lang='lat' dir='ltr'><strong>Quid</strong></span> <span class='ocrx_word' id='word_1_166' title='bbox 964 2669 1034 2738; x_wconf 84' lang='lat' dir='ltr'><strong>eet,</strong></span> <span class='ocrx_word' id='word_1_167' title='bbox 1050 2676 1157 2745; x_wconf 87' lang='lat' dir='ltr'><strong>quare</strong></span> 
     </span>
     <span class='ocr_line' id='line_1_21' title="bbox 89 2767 1156 2862; baseline 0.001 -28"><span class='ocrx_word' id='word_1_168' title='bbox 89 2790 281 2858; x_wconf 86' lang='lat' dir='ltr'><strong>pavonem,</strong></span> <span class='ocrx_word' id='word_1_169' title='bbox 310 2774 415 2859; x_wconf 85' lang='lat' dir='ltr'><strong>quare&#39;</strong></span> <span class='ocrx_word' id='word_1_170' title='bbox 443 2790 597 2836; x_wconf 80' lang='lat' dir='ltr'><strong>anserem</strong></span> <span class='ocrx_word' id='word_1_171' title='bbox 618 2767 744 2862; x_wconf 82' lang='lat' dir='ltr'><strong>gallina</strong></span> <span class='ocrx_word' id='word_1_172' title='bbox 767 2792 838 2837; x_wconf 91' lang='lat' dir='ltr'><strong>non</strong></span> <span class='ocrx_word' id='word_1_173' title='bbox 858 2768 1029 2862; x_wconf 78' lang='lat' dir='ltr'><strong>refugiat,</strong></span> <span class='ocrx_word' id='word_1_174' title='bbox 1045 2776 1156 2860; x_wconf 92' lang='lat' dir='ltr'><strong>&#39;quum</strong></span> 
     </span>
     <span class='ocr_line' id='line_1_22' title="bbox 88 2869 1214 2977; baseline 0.005 -30"><span class='ocrx_word' id='word_1_175' title='bbox 88 2898 179 2951; x_wconf 89' lang='lat' dir='ltr'><strong>tanto</strong></span> <span class='ocrx_word' id='word_1_176' title='bbox 197 2884 360 2950; x_wconf 90' lang='lat' dir='ltr'><strong>minorem</strong></span> <span class='ocrx_word' id='word_1_177' title='bbox 374 2932 384 2967; x_wconf 92' lang='lat'><strong>,</strong></span> <span class='ocrx_word' id='word_1_178' title='bbox 403 2898 437 2950; x_wconf 87' lang='lat' dir='ltr'><strong>et</strong></span> <span class='ocrx_word' id='word_1_179' title='bbox 454 2907 498 2952; x_wconf 89' lang='lat' dir='ltr'><strong>ne</strong></span> <span class='ocrx_word' id='word_1_180' title='bbox 511 2898 626 2952; x_wconf 91' lang='lat' dir='ltr'><strong>notum</strong></span> <span class='ocrx_word' id='word_1_181' title='bbox 646 2884 785 2976; x_wconf 91' lang='lat' dir='ltr'><strong>quidem</strong></span> <span class='ocrx_word' id='word_1_182' title='bbox 799 2884 885 2968; x_wconf 83' lang='lat' dir='ltr'><strong>eibi,</strong></span> <span class='ocrx_word' id='word_1_183' title='bbox 903 2878 917 2920; x_wconf 87' lang='lat'>⁵</span> <span class='ocrx_word' id='word_1_184' title='bbox 930 2869 1128 2977; x_wconf 86' lang='lat' dir='ltr'><strong>accipitrem</strong></span> <span class='ocrx_word' id='word_1_185' title='bbox 1142 2886 1158 2953; x_wconf 78' lang='lat' dir='ltr'><strong>t</strong></span> <span class='ocrx_word' id='word_1_186' title='bbox 1171 2878 1214 2927; x_wconf 71' lang='lat' dir='ltr'><em>s</em></span> 
     </span>
     <span class='ocr_line' id='line_1_23' title="bbox 85 2994 1214 3095; baseline 0.004 -29"><span class='ocrx_word' id='word_1_187' title='bbox 85 3021 192 3089; x_wconf 87' lang='lat' dir='ltr'><strong>quare</strong></span> <span class='ocrx_word' id='word_1_188' title='bbox 212 2997 299 3091; x_wconf 92' lang='lat' dir='ltr'><strong>pulli</strong></span> <span class='ocrx_word' id='word_1_189' title='bbox 320 2998 418 3066; x_wconf 84' lang='lat' dir='ltr'><strong>felem</strong></span> <span class='ocrx_word' id='word_1_190' title='bbox 439 3000 579 3067; x_wconf 85' lang='lat' dir='ltr'><strong>timeant</strong></span> <span class='ocrx_word' id='word_1_191' title='bbox 589 2994 616 3083; x_wconf 75' lang='lat'><strong>⁶,</strong></span> <span class='ocrx_word' id='word_1_192' title='bbox 638 3024 756 3069; x_wconf 88' lang='lat' dir='ltr'><strong>oanem</strong></span> <span class='ocrx_word' id='word_1_193' title='bbox 773 3024 844 3069; x_wconf 91' lang='lat' dir='ltr'><strong>non</strong></span> <span class='ocrx_word' id='word_1_194' title='bbox 860 3001 1028 3068; x_wconf 80' lang='lat' dir='ltr'><strong>timeant?</strong></span> <span class='ocrx_word' id='word_1_195' title='bbox 1044 3000 1157 3095; x_wconf 80' lang='lat' dir='ltr'><strong>Appa·</strong></span> <span class='ocrx_word' id='word_1_196' title='bbox 1182 3052 1214 3083; x_wconf 62' lang='grc' dir='ltr'><strong>,ο</strong></span> 
     </span>
    </p>
   </div>
   <div class='ocr_carea' id='block_1_3' title="bbox 83 3208 1165 4290">
    <p class='ocr_par' dir='ltr' id='par_1_3' title="bbox 86 3208 1165 3825">
     <span class='ocr_line' id='line_1_24' title="bbox 120 3208 1165 3281; baseline 0.001 -20"><span class='ocrx_word' id='word_1_197' title='bbox 120 3230 143 3261; x_wconf 85' lang='grc' dir='ltr'><strong>ι.</strong></span> <span class='ocrx_word' id='word_1_198' title='bbox 152 3210 304 3263; x_wconf 81' lang='lat' dir='ltr'><strong>Primum...</strong></span> <span class='ocrx_word' id='word_1_199' title='bbox 312 3212 423 3262; x_wconf 72' lang='lat' dir='ltr'><strong>mimul-</strong></span> <span class='ocrx_word' id='word_1_200' title='bbox 430 3208 596 3278; x_wconf 61' lang='lat' dir='ltr'><strong>Scanature,</strong></span> <span class='ocrx_word' id='word_1_201' title='bbox 680 3209 702 3274; x_wconf 62' lang='grc' dir='ltr'><strong>ί.</strong></span> <span class='ocrx_word' id='word_1_202' title='bbox 716 3210 960 3281; x_wconf 81' lang='lat' dir='ltr'><strong>Quemadmodum,</strong></span> <span class='ocrx_word' id='word_1_203' title='bbox 974 3212 1065 3278; x_wconf 81' lang='lat' dir='ltr'><strong>inquit.</strong></span> <span class='ocrx_word' id='word_1_204' title='bbox 1079 3209 1165 3263; x_wconf 80' lang='lat' dir='ltr'><strong>Aliud·</strong></span> 
     </span>
     <span class='ocr_line' id='line_1_25' title="bbox 86 3286 1158 3360; baseline 0.001 -20"><span class='ocrx_word' id='word_1_205' title='bbox 86 3300 113 3340; x_wconf 89' lang='lat' dir='ltr'><strong>ut</strong></span> <span class='ocrx_word' id='word_1_206' title='bbox 121 3308 147 3341; x_wconf 80' lang='lat' dir='ltr'><strong>ee</strong></span> <span class='ocrx_word' id='word_1_207' title='bbox 159 3300 270 3341; x_wconf 77' lang='lat' dir='ltr'><strong>tueatur:</strong></span> <span class='ocrx_word' id='word_1_208' title='bbox 278 3309 308 3343; x_wconf 86' lang='lat' dir='ltr'><strong>eo</strong></span> <span class='ocrx_word' id='word_1_209' title='bbox 315 3288 401 3347; x_wconf 81' lang='lat' dir='ltr'><strong>omnia</strong></span> <span class='ocrx_word' id='word_1_210' title='bbox 411 3286 599 3341; x_wconf 77' lang='lat' dir='ltr'><strong>eliarel&#39;erenda</strong></span> <span class='ocrx_word' id='word_1_211' title='bbox 647 3287 829 3359; x_wconf 81' lang='lat' dir='ltr'><strong>Epicureorum</strong></span> <span class='ocrx_word' id='word_1_212' title='bbox 835 3298 1011 3359; x_wconf 75' lang='lat' dir='ltr'><strong>argumentum</strong></span> <span class='ocrx_word' id='word_1_213' title='bbox 1017 3287 1158 3360; x_wconf 87' lang='lat' dir='ltr'><strong>repellitur,</strong></span> 
     </span>
     <span class='ocr_line' id='line_1_26' title="bbox 86 3363 1160 3439; baseline 0 -22"><span class='ocrx_word' id='word_1_214' title='bbox 86 3378 151 3418; x_wconf 74' lang='lat' dir='ltr'><strong>tunt.</strong></span> <span class='ocrx_word' id='word_1_215' title='bbox 162 3364 206 3418; x_wconf 84' lang='lat' dir='ltr'><strong>Sit</strong></span> <span class='ocrx_word' id='word_1_216' title='bbox 215 3364 369 3439; x_wconf 71' lang='lat' dir='ltr'><strong>Chrysippus</strong></span> <span class='ocrx_word' id='word_1_217' title='bbox 379 3364 456 3438; x_wconf 76' lang='lat' dir='ltr'><strong>Diog.</strong></span> <span class='ocrx_word' id='word_1_218' title='bbox 468 3367 547 3420; x_wconf 79' lang='lat' dir='ltr'><strong>laert.</strong></span> <span class='ocrx_word' id='word_1_219' title='bbox 554 3363 572 3417; x_wconf 91' lang='lat' dir='ltr'><strong>l.</strong></span> <span class='ocrx_word' id='word_1_220' title='bbox 582 3366 599 3417; x_wconf 92' lang='lat' dir='ltr'><strong>l.</strong></span> <span class='ocrx_word' id='word_1_221' title='bbox 648 3364 690 3434; x_wconf 85' lang='lat' dir='ltr'><strong>qui</strong></span> <span class='ocrx_word' id='word_1_222' title='bbox 705 3364 778 3429; x_wconf 82' lang='lat' dir='ltr'><strong>ideo,</strong></span> <span class='ocrx_word' id='word_1_223' title='bbox 798 3363 867 3434; x_wconf 86' lang='lat' dir='ltr'><strong>quod</strong></span> <span class='ocrx_word' id='word_1_224' title='bbox 886 3382 940 3416; x_wconf 89' lang='lat' dir='ltr'><strong>non</strong></span> <span class='ocrx_word' id='word_1_225' title='bbox 951 3363 1067 3417; x_wconf 83' lang='lat' dir='ltr'><strong>viderunt</strong></span> <span class='ocrx_word' id='word_1_226' title='bbox 1074 3400 1082 3429; x_wconf 91' lang='lat'><strong>,</strong></span> <span class='ocrx_word' id='word_1_227' title='bbox 1095 3385 1160 3433; x_wconf 85' lang='lat' dir='ltr'><strong>quo-</strong></span> 
     </span>
     <span class='ocr_line' id='line_1_27' title="bbox 88 3440 1160 3514; baseline -0.002 -19"><span class='ocrx_word' id='word_1_228' title='bbox 88 3448 160 3501; x_wconf 76' lang='grc' dir='ltr'><strong>ιτὴν</strong></span> <span class='ocrx_word' id='word_1_229' title='bbox 179 3446 204 3497; x_wconf 78' lang='lat' dir='ltr'><strong>dl</strong></span> <span class='ocrx_word' id='word_1_230' title='bbox 218 3445 311 3514; x_wconf 65' lang='grc' dir='ltr'><strong>κρότηι</strong></span> <span class='ocrx_word' id='word_1_231' title='bbox 330 3446 400 3513; x_wconf 69' lang='grc' dir='ltr'>ὁρμήν</span> <span class='ocrx_word' id='word_1_232' title='bbox 417 3466 471 3511; x_wconf 77' lang='grc' dir='ltr'><strong>φασι</strong></span> <span class='ocrx_word' id='word_1_233' title='bbox 490 3444 518 3494; x_wconf 66' lang='grc' dir='ltr'><strong>τὶ</strong></span> <span class='ocrx_word' id='word_1_234' title='bbox 539 3449 600 3507; x_wconf 73' lang='grc' dir='ltr'><strong>ζῶον</strong></span> <span class='ocrx_word' id='word_1_235' title='bbox 647 3442 726 3495; x_wconf 85' lang='lat' dir='ltr'><strong>ruodo</strong></span> <span class='ocrx_word' id='word_1_236' title='bbox 737 3442 786 3494; x_wconf 83' lang='lat' dir='ltr'><strong>lroe</strong></span> <span class='ocrx_word' id='word_1_237' title='bbox 805 3440 861 3494; x_wconf 85' lang='lat' dir='ltr'><strong>fieri</strong></span> <span class='ocrx_word' id='word_1_238' title='bbox 878 3441 968 3513; x_wconf 69' lang='lat' dir='ltr'><strong>poerit,</strong></span> <span class='ocrx_word' id='word_1_239' title='bbox 985 3441 1103 3513; x_wconf 78' lang='lat' dir='ltr'><strong>colligere</strong></span> <span class='ocrx_word' id='word_1_240' title='bbox 1116 3442 1160 3493; x_wconf 83' lang='lat' dir='ltr'><strong>vi-</strong></span> 
     </span>
     <span class='ocr_line' id='line_1_28' title="bbox 87 3516 1160 3593; baseline 0.004 -24"><span class='ocrx_word' id='word_1_241' title='bbox 87 3522 164 3588; x_wconf 69' lang='lat' dir='ltr'><strong>ique</strong></span> <span class='ocrx_word' id='word_1_242' title='bbox 182 3522 222 3573; x_wconf 66' lang='lat' dir='ltr'><strong>lul</strong></span> <span class='ocrx_word' id='word_1_243' title='bbox 240 3522 267 3571; x_wconf 67' lang='lat' dir='ltr'><strong>el</strong></span> <span class='ocrx_word' id='word_1_244' title='bbox 285 3531 360 3591; x_wconf 71' lang='lat' dir='ltr'><strong>mpetu</strong></span> <span class='ocrx_word' id='word_1_245' title='bbox 383 3521 452 3573; x_wconf 70' lang='lat' dir='ltr'><strong>leuel</strong></span> <span class='ocrx_word' id='word_1_246' title='bbox 473 3516 600 3581; x_wconf 66' lang='lat' dir='ltr'><strong>elmericus</strong></span> <span class='ocrx_word' id='word_1_247' title='bbox 648 3520 754 3583; x_wconf 84' lang='lat' dir='ltr'><strong>dentur,</strong></span> <span class='ocrx_word' id='word_1_248' title='bbox 770 3518 863 3574; x_wconf 72' lang='lat' dir='ltr'><strong>uuum</strong></span> <span class='ocrx_word' id='word_1_249' title='bbox 882 3520 944 3589; x_wconf 87' lang='lat' dir='ltr'><strong>quid</strong></span> <span class='ocrx_word' id='word_1_250' title='bbox 959 3540 974 3572; x_wconf 81' lang='lat' dir='ltr'><strong>a</strong></span> <span class='ocrx_word' id='word_1_251' title='bbox 991 3519 1083 3573; x_wconf 76' lang='lat' dir='ltr'><strong>Stoirie</strong></span> <span class='ocrx_word' id='word_1_252' title='bbox 1097 3540 1160 3593; x_wconf 90' lang='lat' dir='ltr'><strong>pro-</strong></span> 
     </span>
     <span class='ocr_line' id='line_1_29' title="bbox 87 3594 1158 3673; baseline -0.002 -24"><span class='ocrx_word' id='word_1_253' title='bbox 87 3600 151 3669; x_wconf 68' lang='grc' dir='ltr'><strong>αὒτῷ</strong></span> <span class='ocrx_word' id='word_1_254' title='bbox 163 3609 204 3659; x_wconf 69' lang='grc' dir='ltr'><strong>τῆς</strong></span> <span class='ocrx_word' id='word_1_255' title='bbox 215 3594 302 3667; x_wconf 57' lang='lat' dir='ltr'><strong>udum&lt;</strong></span> <span class='ocrx_word' id='word_1_256' title='bbox 312 3596 355 3651; x_wconf 69' lang='grc' dir='ltr'><strong>ἀπ’</strong></span> <span class='ocrx_word' id='word_1_257' title='bbox 366 3602 453 3667; x_wconf 66' lang='grc' dir='ltr'><strong>ἀρχῆς,</strong></span> <span class='ocrx_word' id='word_1_258' title='bbox 472 3600 599 3665; x_wconf 71' lang='grc' dir='ltr'>κατάφησιν</span> <span class='ocrx_word' id='word_1_259' title='bbox 649 3597 718 3669; x_wconf 87' lang='lat' dir='ltr'><strong>poni.</strong></span> <span class='ocrx_word' id='word_1_260' title='bbox 731 3596 876 3673; x_wconf 71' lang='lat' dir='ltr'><strong>Respondet</strong></span> <span class='ocrx_word' id='word_1_261' title='bbox 885 3597 968 3667; x_wconf 78' lang='lat' dir='ltr'><strong>itaque</strong></span> <span class='ocrx_word' id='word_1_262' title='bbox 977 3610 1042 3649; x_wconf 81' lang='lat' dir='ltr'><strong>reete</strong></span> <span class='ocrx_word' id='word_1_263' title='bbox 1053 3596 1158 3662; x_wconf 78' lang='lat' dir='ltr'><strong>Seneca,</strong></span> 
     </span>
     <span class='ocr_line' id='line_1_30' title="bbox 89 3673 1159 3743; baseline 0 -16"><span class='ocrx_word' id='word_1_264' title='bbox 89 3675 338 3743; x_wconf 59' lang='lat' dir='ltr'><strong>ixpdmmma.</strong></span> <span class='ocrx_word' id='word_1_265' title='bbox 351 3678 394 3728; x_wconf 74' lang='lat' dir='ltr'><strong>l.»</strong></span> <span class='ocrx_word' id='word_1_266' title='bbox 414 3674 455 3726; x_wconf 72' lang='lat' dir='ltr'><strong>Cf.</strong></span> <span class='ocrx_word' id='word_1_267' title='bbox 470 3674 558 3729; x_wconf 86' lang='lat' dir='ltr'><strong>Cicero</strong></span> <span class='ocrx_word' id='word_1_268' title='bbox 569 3673 600 3726; x_wconf 85' lang='lat' dir='ltr'><strong>de</strong></span> <span class='ocrx_word' id='word_1_269' title='bbox 648 3673 767 3728; x_wconf 79' lang='lat' dir='ltr'><strong>animalia</strong></span> <span class='ocrx_word' id='word_1_270' title='bbox 788 3674 907 3727; x_wconf 82' lang='lat' dir='ltr'><strong>ealnteree</strong></span> <span class='ocrx_word' id='word_1_271' title='bbox 929 3674 1099 3728; x_wconf 76' lang='lat' dir='ltr'><strong>mortifereeve</strong></span> <span class='ocrx_word' id='word_1_272' title='bbox 1120 3695 1159 3727; x_wconf 80' lang='lat' dir='ltr'><strong>res</strong></span> 
     </span>
     <span class='ocr_line' id='line_1_31' title="bbox 91 3751 968 3825; baseline -0.002 -22"><span class='ocrx_word' id='word_1_273' title='bbox 91 3752 172 3808; x_wconf 69' lang='lat' dir='ltr'><strong>offic.</strong></span> <span class='ocrx_word' id='word_1_274' title='bbox 186 3775 209 3821; x_wconf 84' lang='lat' dir='ltr'><strong>r,</strong></span> <span class='ocrx_word' id='word_1_275' title='bbox 222 3757 245 3820; x_wconf 71' lang='grc'><strong>4.</strong></span> <span class='ocrx_word' id='word_1_276' title='bbox 257 3752 349 3807; x_wconf 75' lang='lat' dir='ltr'><strong>Ruta.</strong></span> <span class='ocrx_word' id='word_1_277' title='bbox 649 3752 805 3825; x_wconf 75' lang='lat' dir='ltr'><strong>intelligere,</strong></span> <span class='ocrx_word' id='word_1_278' title='bbox 820 3764 865 3805; x_wconf 86' lang='lat' dir='ltr'><strong>ete.</strong></span> <span class='ocrx_word' id='word_1_279' title='bbox 878 3751 968 3807; x_wconf 72' lang='lat' dir='ltr'><strong>Ruta.</strong></span> 
     </span>
    </p>

    <p class='ocr_par' dir='ltr' id='par_1_4' title="bbox 87 3828 1159 3981">
     <span class='ocr_line' id='line_1_32' title="bbox 121 3828 1159 3901; baseline -0.002 -18"><span class='ocrx_word' id='word_1_280' title='bbox 121 3851 146 3883; x_wconf 79' lang='lat'><strong>2.</strong></span> <span class='ocrx_word' id='word_1_281' title='bbox 159 3830 598 3901; x_wconf 78' lang='lat' dir='ltr'><strong>Hac(cura)...ueeimeritur.E.o.</strong></span> <span class='ocrx_word' id='word_1_282' title='bbox 682 3835 705 3885; x_wconf 80' lang='lat'><strong>5.</strong></span> <span class='ocrx_word' id='word_1_283' title='bbox 725 3831 890 3899; x_wconf 75' lang='lat' dir='ltr'><strong>Aw&#39;pitrem.</strong></span> <span class='ocrx_word' id='word_1_284' title='bbox 909 3828 995 3900; x_wconf 76' lang='lat' dir='ltr'><strong>Vulgo</strong></span> <span class='ocrx_word' id='word_1_285' title='bbox 1015 3832 1159 3897; x_wconf 68' lang='lat' dir='ltr'><strong>accipitrem</strong></span> 
     </span>
     <span class='ocr_line' id='line_1_33' title="bbox 87 3906 1158 3981; baseline 0 -22"><span class='ocrx_word' id='word_1_286' title='bbox 87 3908 255 3964; x_wconf 71' lang='lat' dir='ltr'><strong>institutione.</strong></span> <span class='ocrx_word' id='word_1_287' title='bbox 266 3910 355 3965; x_wconf 73' lang='lat' dir='ltr'><strong>fluat.</strong></span> <span class='ocrx_word' id='word_1_288' title='bbox 638 3908 741 3980; x_wconf 64' lang='lat' dir='ltr'><strong>fugiat.</strong></span> <span class='ocrx_word' id='word_1_289' title='bbox 752 3910 803 3961; x_wconf 82' lang='lat' dir='ltr'><strong>Sed</strong></span> <span class='ocrx_word' id='word_1_290' title='bbox 814 3906 934 3981; x_wconf 82' lang='lat' dir='ltr'><strong>posterius</strong></span> <span class='ocrx_word' id='word_1_291' title='bbox 941 3907 1048 3959; x_wconf 83' lang='lat' dir='ltr'><strong>verbum</strong></span> <span class='ocrx_word' id='word_1_292' title='bbox 1057 3926 1103 3961; x_wconf 81' lang='lat' dir='ltr'><strong>nec</strong></span> <span class='ocrx_word' id='word_1_293' title='bbox 1113 3927 1158 3959; x_wconf 87' lang='lat' dir='ltr'><strong>ne·</strong></span> 
     </span>
    </p>

    <p class='ocr_par' dir='ltr' id='par_1_5' title="bbox 83 3984 1156 4290">
     <span class='ocr_line' id='line_1_34' title="bbox 120 3984 1156 4058; baseline -0.002 -18"><span class='ocrx_word' id='word_1_294' title='bbox 120 3986 145 4041; x_wconf 88' lang='lat'><strong>3.</strong></span> <span class='ocrx_word' id='word_1_295' title='bbox 160 3988 295 4041; x_wconf 73' lang='lat' dir='ltr'><strong>Prioribus</strong></span> <span class='ocrx_word' id='word_1_296' title='bbox 309 3990 434 4057; x_wconf 75' lang='lat' dir='ltr'><strong>epistolis.</strong></span> <span class='ocrx_word' id='word_1_297' title='bbox 452 3986 496 4039; x_wconf 79' lang='lat' dir='ltr'><strong>ste</strong></span> <span class='ocrx_word' id='word_1_298' title='bbox 511 4004 557 4037; x_wconf 81' lang='lat' dir='ltr'><strong>ms.</strong></span> <span class='ocrx_word' id='word_1_299' title='bbox 571 4006 598 4037; x_wconf 81' lang='lat' dir='ltr'><strong>a.</strong></span> <span class='ocrx_word' id='word_1_300' title='bbox 649 3986 780 4041; x_wconf 76' lang='lat' dir='ltr'><strong>cestarium</strong></span> <span class='ocrx_word' id='word_1_301' title='bbox 794 3998 862 4052; x_wconf 81' lang='lat' dir='ltr'><strong>erat,</strong></span> <span class='ocrx_word' id='word_1_302' title='bbox 875 3997 900 4037; x_wconf 88' lang='lat' dir='ltr'><strong>et</strong></span> <span class='ocrx_word' id='word_1_303' title='bbox 910 3984 1027 4058; x_wconf 76' lang='lat' dir='ltr'><strong>ignorant</strong></span> <span class='ocrx_word' id='word_1_304' title='bbox 1047 3985 1113 4038; x_wconf 85' lang='lat' dir='ltr'><strong>illud</strong></span> <span class='ocrx_word' id='word_1_305' title='bbox 1129 4007 1156 4039; x_wconf 84' lang='lat' dir='ltr'><strong>o.</strong></span> 
     </span>
     <span class='ocr_line' id='line_1_35' title="bbox 86 4058 855 4135; baseline -0.001 -20"><span class='ocrx_word' id='word_1_306' title='bbox 86 4064 123 4115; x_wconf 84' lang='grc' dir='ltr'><strong>1η</strong></span> <span class='ocrx_word' id='word_1_307' title='bbox 131 4066 263 4131; x_wconf 69' lang='lat' dir='ltr'><strong>prioribus</strong></span> <span class='ocrx_word' id='word_1_308' title='bbox 271 4070 344 4134; x_wconf 80' lang='lat' dir='ltr'><strong>epist.</strong></span> <span class='ocrx_word' id='word_1_309' title='bbox 355 4086 374 4119; x_wconf 85' lang='lat' dir='ltr'><strong>c.</strong></span> <span class='ocrx_word' id='word_1_310' title='bbox 386 4066 420 4119; x_wconf 84' lang='lat' dir='ltr'><strong>ll.</strong></span> <span class='ocrx_word' id='word_1_311' title='bbox 431 4065 466 4117; x_wconf 83' lang='lat' dir='ltr'><strong>A.</strong></span> <span class='ocrx_word' id='word_1_312' title='bbox 473 4064 562 4135; x_wconf 79' lang='lat' dir='ltr'><strong>Vulgo</strong></span> <span class='ocrx_word' id='word_1_313' title='bbox 571 4058 599 4115; x_wconf 75' lang='lat' dir='ltr'><strong>eir</strong></span> <span class='ocrx_word' id='word_1_314' title='bbox 649 4084 668 4117; x_wconf 85' lang='lat' dir='ltr'><strong>c.</strong></span> <span class='ocrx_word' id='word_1_315' title='bbox 682 4064 717 4117; x_wconf 79' lang='lat' dir='ltr'><strong>It.</strong></span> <span class='ocrx_word' id='word_1_316' title='bbox 728 4067 763 4117; x_wconf 78' lang='lat' dir='ltr'><strong>A.</strong></span> <span class='ocrx_word' id='word_1_317' title='bbox 775 4066 855 4118; x_wconf 67' lang='lat' dir='ltr'><strong>Sedu.</strong></span> 
     </span>
     <span class='ocr_line' id='line_1_36' title="bbox 83 4140 1156 4216; baseline 0.001 -24"><span class='ocrx_word' id='word_1_318' title='bbox 83 4144 218 4209; x_wconf 75' lang='lat' dir='ltr'><strong>prioribus</strong></span> <span class='ocrx_word' id='word_1_319' title='bbox 231 4146 343 4216; x_wconf 74' lang='lat' dir='ltr'><strong>(absque</strong></span> <span class='ocrx_word' id='word_1_320' title='bbox 359 4147 494 4214; x_wconf 78' lang='lat' dir='ltr'><strong>epistolis)</strong></span> <span class='ocrx_word' id='word_1_321' title='bbox 514 4144 570 4197; x_wconf 85' lang='lat' dir='ltr'><strong>edd.</strong></span> <span class='ocrx_word' id='word_1_322' title='bbox 582 4165 597 4197; x_wconf 80' lang='lat' dir='ltr'><strong>a</strong></span> <span class='ocrx_word' id='word_1_323' title='bbox 679 4141 703 4193; x_wconf 82' lang='grc'><strong>6.</strong></span> <span class='ocrx_word' id='word_1_324' title='bbox 715 4141 849 4206; x_wconf 79' lang='lat' dir='ltr'><strong>Timeant,</strong></span> <span class='ocrx_word' id='word_1_325' title='bbox 860 4140 996 4208; x_wconf 85' lang='lat' dir='ltr'><strong>dederunt,</strong></span> <span class='ocrx_word' id='word_1_326' title='bbox 1009 4162 1034 4194; x_wconf 85' lang='lat' dir='ltr'><strong>o.</strong></span> <span class='ocrx_word' id='word_1_327' title='bbox 1046 4160 1067 4195; x_wconf 84' lang='lat' dir='ltr'><strong>c.</strong></span> <span class='ocrx_word' id='word_1_328' title='bbox 1077 4141 1112 4193; x_wconf 78' lang='lat' dir='ltr'><strong>R.</strong></span> <span class='ocrx_word' id='word_1_329' title='bbox 1121 4145 1156 4195; x_wconf 84' lang='lat' dir='ltr'><strong>A.</strong></span> 
     </span>
     <span class='ocr_line' id='line_1_37' title="bbox 86 4219 914 4290; baseline -0.001 -18"><span class='ocrx_word' id='word_1_330' title='bbox 86 4222 161 4272; x_wconf 77' lang='lat' dir='ltr'><strong>Mur.</strong></span> <span class='ocrx_word' id='word_1_331' title='bbox 179 4220 256 4278; x_wconf 76' lang='lat' dir='ltr'><em>Schw.</em></span> <span class='ocrx_word' id='word_1_332' title='bbox 651 4220 753 4290; x_wconf 63' lang='lat' dir='ltr'><strong>Timent</strong></span> <span class='ocrx_word' id='word_1_333' title='bbox 765 4220 823 4273; x_wconf 84' lang='lat' dir='ltr'><strong>edd·</strong></span> <span class='ocrx_word' id='word_1_334' title='bbox 835 4219 914 4273; x_wconf 69' lang='lat' dir='ltr'><strong>Selom.</strong></span> 
     </span>
    </p>
   </div>
   <div class='ocr_carea' id='block_1_4' title="bbox 0 0 1480 4934">
    <p class='ocr_par' dir='ltr' id='par_1_6' title="bbox 0 0 1480 4934">
     <span class='ocr_line' id='line_1_38' title="bbox 0 0 1480 4934; baseline 0 0"><span class='ocrx_word' id='word_1_335' title='bbox 0 0 1480 4934; x_wconf 95' lang='lat' dir='ltr'><strong> </strong></span> 
     </span>
    </p>
   </div>
  </div>
 </body>
</html>
