2950 4934
322 437 568 511 PHYSIOL.
596 437 850 509 srolcon.
877 438 975 509 LIB.
1001 441 1027 508 1.
1148 445 1213 512 515

135 590 180 648 eis
195 586 234 647 de
245 585 327 647 verbi
344 585 536 645 cmnnrersia
552 581 719 643 certandum
741 595 827 665 atque
842 583 1030 644 laborandum
1045 597 1087 644 est
1100 609 1108 643 ε
1121 607 1215 667 quan-

135 692 296 774 doquidem
321 691 417 774 ipsum
437 711 586 750 cannarum
604 688 735 749 ordinem
759 702 788 750 et
810 690 965 770 quamdam
985 693 1213 768 connexionem,

134 800 245 860 summi
256 797 304 858 dei
312 798 443 864 tribuunt
451 797 601 857 voluntati.
615 823 629 849 a
641 795 730 856 Addit
738 795 794 856 alia
805 793 894 878 (End.
907 797 959 858 lib.
973 821 1037 881 cap.
1050 797 1094 884 9),
1109 813 1137 860 et
1148 800 1214 862 abbi

136 925 176 966 ex
187 905 251 987 ipso
259 903 369 965 Seneca
379 905 518 986 approbat
528 904 602 963 hanc
612 924 710 964 eornm
721 915 846 963 mentem
858 925 929 964 esse.

454 1159 773 1222 DISSERTATIO
843 1157 904 1220 111.

139 1333 319 1416 Olq‘ectianes
340 1341 437 1393 cantm
459 1332 669 1392 Providentiam
688 1341 722 1408 et·
735 1329 895 1391 Bonitatem
918 1329 1003 1392 Dei:
1020 1334 1218 1416 qumrbrmque

431 1439 535 1520 panso,
553 1437 634 1498 Unde
649 1435 806 1497 Naturalia
820 1439 927 1497 mala?

180 1648 257 1706 hun.
274 1645 389 1706 Attenta
404 1644 538 1727 equidem
552 1666 621 1705 aure
635 1645 746 1724 jamdiu
760 1643 827 1703 bibo
842 1667 852 1702 e
867 1643 918 1706 sed
930 1645 1001 1730 qnid
1015 1647 1039 1705 si
1054 1649 1149 1707 animo
1160 1671 1218 1707 non
1249 1695 1252 1700 .

136 1754 215 1814 'nihil
223 1753 357 1814 renitenti
372 1751 457 1826 alibi,
473 1764 524 1812 ant
535 1773 681 1810 assensum
695 1762 771 1812 certe
786 1751 937 1810 retinenti?
950 1751 1024 1812 Nam
1037 1755 1146 1813 suntin
1160 1755 1219 1813 istis

136 1865 229 1945 spine
243 1863 291 1923 vei
307 1862 417 1934 aculei,
435 1862 486 1943 qui
500 1873 632 1942 pungunt
647 1883 656 1918 ε
671 1873 700 1920 et
716 1859 767 1920 das
782 1859 853 1920 mihi
866 1881 983 1942 operam
999 1861 1029 1920 in
1044 1861 1220 1922 evellendis?

137 1960 220 2030 hirs.
238 1970 389 2030 Curiosum
403 1968 551 2051 ingenium
566 1966 614 2025 hic
629 1987 775 2047 asperner,
792 1977 899 2027 utrem
911 1966 1005 2027 diuam
1019 1991 1027 2026 ε
1042 1981 1070 2027 et
1082 1991 1148 2028 cnm
1158 1969 1220 2028 Da-

135 2097 274 2137 masceno
285 2095 416 2135 moneam
426 2071 512 2156 (Lib.
527 2069 559 2132 ll
572 2071 636 2132 Fid.
653 2070 735 2131 Orth.
748 2085 814 2154 cap.
830 2069 891 2158 29)
906 2096 914 2132 ε
930 2098 943 2126 a
951 2071 1055 2132 Omnia
1066 2073 1217 2148 admirari,

136 2184 237 2242 omnia
245 2182 373 2256 laudare,
385 2181 480 2241 omnia
491 2181 554 2239 sine
563 2180 747 2261 inquisitione
758 2181 902 2261 suscipere
914 2179 1101 2241 Providentia
1113 2204 1217 2262 opern;

136 2290 252 2350 etiamsi
265 2291 362 2349 multis
376 2289 480 2369 injusta
491 2287 662 2358 rideantur;
677 2289 746 2368 qnia
757 2287 864 2346 scilicet
879 2288 976 2370 ignota
990 2301 1050 2360 est,
1068 2289 1125 2346 imo
1139 2310 1219 2348 com-

135 2396 282 2479 prehendi
295 2397 378 2455 uobis
391 2396 533 2476 impotens
546 2393 642 2453 divina
658 2377 849 2452 Proiidentia.
861 2420 874 2446 a
889 2393 1006 2467 Audin,
1021 2395 1076 2454 hoc
1091 2407 1120 2454 et
1133 2396 1219 2468 tutius

136 2505 323 2585 sanctiusque
344 2503 385 2562 sie
410 2500 494 2562 esse?
510 2499 625 2580 Alioqui
646 2498 766 2582 pelagus
782 2513 840 2573 est,
864 2510 896 2560 ut
910 2500 971 2560 dixi
988 2525 995 2559 ι
1013 2513 1041 2561 et
1055 2502 1218 2583 cymbulam

136 2609 252 2693 ingenii
262 2610 286 2667 si
299 2609 442 2680 immittis,
459 2607 626 2680 fluctuabit,
640 2616 690 2664 ant
703 2619 822 2688 merget.
840 2607 914 2665 Ano.
933 2607 1081 2667 Curiosum
1096 2610 1221 2690 inquisi-

137 2715 250 2775 tionem
265 2727 359 2774 teenm
377 2713 478 2772 abdico
492 2735 501 2770 ε
513 2712 565 2772 sed
581 2731 644 2794 quae
660 2712 754 2794 pn'ma
768 2711 862 2771 fronte
877 2713 1010 2772 omnibus
1026 2729 1179 2774 occurrunt
1191 2729 1220 2774 ct

137 2821 310 2895 obturbant,
324 2841 387 2902 quse
397 2819 483 2900 culpa
493 2821 530 2878 sit
540 2841 587 2879 me
597 2819 740 2901 attigisse,
753 2832 781 2878 te
792 2819 945 2898 rejecisse?
962 2817 1063 2900 Neque
1075 2821 1151 2880 enim
1164 2823 1220 2880 alio

138 2931 199 2989 fine
221 2946 317 3010 qnaero
338 2952 347 2986 r
370 2942 400 2988 et
419 2927 520 2987 favebo
541 2925 675 3009 equidem
691 2925 748 2986 Dei
766 2945 881 2986 causam
904 2929 1008 3009 agenti.
1035 2927 1090 2985 Die
1111 2929 1217 3009 igitur,

138 3036 226 3097 sodes
237 3059 245 3107 ;
260 3036 284 3094 si
295 3057 312 3094 a
328 3034 509 3095 Providentia
523 3046 552 3094 et
565 3057 582 3092 a
597 3031 659 3094 Deo
673 3035 769 3093 omnia
782 3033 857 3093 bona
869 3057 877 3093 s
888 3033 967 3093 unde
978 3033 1124 3109 Monstra,
1140 3035 1219 3096 unde

137 3140 281 3216 Venena,
298 3154 327 3200 et
340 3140 426 3199 Noxae
440 3141 471 3198 in
486 3142 540 3198 isto
553 3141 622 3199 orbe
638 3139 723 3198 snnt?
733 3138 820 3200 Unde
831 3141 861 3199 in
872 3139 1024 3221 nobisipsis
1035 3143 1147 3200 interna
1159 3142 1218 3200 hac

136 3269 210 3309 rere
224 3247 315 3321 mala,
333 3259 362 3306 et
374 3247 452 3316 Vitia
470 3269 503 3305 ac
519 3258 614 3328 pestes
635 3246 816 3305 animorum?
832 3247 895 3326 quis
913 3249 1029 3328 genuit,
1047 3249 1111 3329 quis
1127 3251 1220 3309 susti-

138 3357 208 3416 nuit
223 3368 251 3414 et
266 3353 408 3414 servarit?
423 3353 556 3433 Denique
574 3353 603 3411 in
625 3354 687 3433 ipsa
711 3351 936 3433 gubernatione,
960 3365 1065 3432 quanta
1083 3355 1218 3437 iniqnitas

138 3459 282 3544 apparet?
295 3481 384 3541 qnurn
395 3460 462 3518 boni
474 3460 621 3531 tolluntur,
635 3469 684 3518 aut
697 3470 867 3539 premuntur
877 3483 884 3530 3
896 3460 963 3518 mali
974 3453 1091 3534 vivunt,
1101 3463 1215 3542 vigent,

139 3581 171 3630 et
184 3568 301 3649 praemia
315 3587 348 3626 ac
363 3587 454 3648 poena
468 3567 573 3645 injusta
587 3565 743 3646 plurimum
754 3566 837 3625 lance
852 3579 1021 3645 pensantur.
1039 3567 1108 3626 Haec
1123 3590 1218 3648 quan-

138 3672 248 3733 tumvis
263 3671 393 3732 sedatum
413 3672 560 3754 ingenium
582 3673 726 3746 excitent,
745 3673 932 3754 compositum
953 3673 1068 3734 turbent
1089 3699 1097 3733 ι
1118 3677 1218 3758 ntique

137 3781 183 3840 sic
193 3779 226 3838 in
234 3779 330 3840 oculos
338 3799 494 3859 sensusque
502 3779 693 3851 incurrentia,
706 3789 735 3838 et
745 3776 918 3859 quotidianis
927 3779 1066 3861 exemplis
1074 3793 1215 3861 prompta.

139 3887 288 3959 Remove,
300 3886 435 3958 obsecro,
451 3885 582 3966 quamrm
592 3884 648 3944 levi
662 3905 750 3943 mann
763 3907 771 3942 ε
785 3895 814 3943 et
825 3883 904 3964 qnod
916 3885 1021 3942 itemm
1033 3897 1130 3958 testor,
1147 3909 1219 3966 pro-

138 4013 214 4052 num
229 3991 266 4052 ad
280 3993 369 4052 finem
381 4013 429 4052 me
443 3989 518 4051 habe
534 4004 563 4051 et
577 4003 754 4073 sequentem.
771 3985 848 4048 Las.
864 3989 969 4049 Vetera
979 4012 1095 4062 moves,
1112 4006 1220 4052 remota
1325 3983 1330 3997 ⁵

139 4101 282 4181 pleraque
306 4099 387 4173 aliis,
405 4113 435 4159 et
448 4098 514 4157 alibi
537 4094 606 4179 (De
617 4097 766 4156 Constant.
779 4095 791 4178 )
804 4097 858 4177 ipsi
874 4097 963 4166 mihi;
982 4097 1103 4155 certain
1128 4111 1218 4178 parte.

138 4206 228 4268 Nunc
242 4220 338 4268 tamen
352 4207 470 4280 ordine,
488 4207 556 4289 qnia
572 4205 655 4266 valde
670 4207 731 4276 vis,
753 4203 855 4263 faciam
869 4229 876 4262 :
890 4204 940 4264 sed
959 4205 1129 4286 compendio
1138 4249 1146 4281 ,
1165 4228 1222 4286 qna
