2950 4934
272 497 797 573 PHYSIOL.ST01c0R.
823 499 922 568 trs.
945 499 999 568 11.v
1114 508 1186 599 ⁵59

101 670 166 710 esse
180 647 269 730 idque
279 647 457 730 intelligens,
478 657 508 705 et
522 643 620 704 divina
638 641 822 705 Providentia
834 645 1032 704 constitutum.
1046 669 1060 698 ιι
1075 643 1114 707 Et
1128 669 1187 708 sae-

100 759 169 838 pins
184 758 285 830 iterat,
309 767 339 815 et
353 756 429 814 inter
446 759 540 836 adpre,
556 752 711 834 primaria,
734 750 867 835 dogmata
887 751 994 812 habent
1018 765 1183 816 sectatores.

101 865 182 937 Sed,
198 865 256 924 illis
278 864 407 936 omissis,
423 861 530 922 Stoicos
546 859 697 929 audiamus
713 885 722 920 a
737 859 775 921 de
793 861 898 942 quibus
918 861 959 921 ita
979 859 1108 923 Laertius
1130 861 1182 946 (in

100 969 191 1052 Zea.)
203 995 212 1031 ι
226 998 241 1025 ιι
251 970 337 1045 Quod
349 982 445 1030 anum
455 968 571 1028 Animal
582 969 620 1027 sit
632 967 760 1028 Mandas
775 980 804 1028 et
817 969 955 1028 rationale
966 981 995 1028 et
1007 970 1182 1044 animatum,

101 1091 132 1139 et
150 1079 332 1161 intelligens,
349 1078 451 1162 asserit
469 1075 665 1157 Chrysippus,
681 1087 710 1135 et
723 1074 930 1156 Apollodorus,
950 1087 979 1134 et
1002 1075 1181 1138 Posidonius.

102 1186 222 1246 Animal
234 1184 351 1266 quidem
366 1185 425 1258 ita,
440 1194 474 1243 ut
487 1183 526 1243 sit
541 1193 645 1243 natura
658 1183 782 1243 animata
805 1193 834 1243 et
851 1184 988 1243 sentiens.
1006 1182 1091 1258 Qrod
1107 1187 1183 1244 enim

102 1295 252 1365 animans,
268 1313 326 1351 non
345 1290 490 1349 animante
506 1288 687 1370 praestantius
702 1301 747 1347 est
761 1311 770 1346 ε
786 1288 858 1348 nihil
871 1301 967 1348 autem
984 1287 1095 1348 Mundo
1109 1311 1186 1372 prae·-

101 1400 243 1470 stantins3
267 1399 405 1456 Animans
432 1409 475 1456 est
501 1397 597 1478 igitur.
621 1396 787 1455 Animarum
809 1417 895 1479 porro
918 1417 1001 1470 esse,
1025 1396 1119 1477 liquet
1147 1418 1183 1456 cx

99 1517 199 1565 nostra
211 1504 330 1577 Anima,
343 1525 405 1584 que
416 1502 555 1584 particula
565 1502 665 1561 avulsa
675 1513 719 1561 est
727 1501 764 1560 ab
775 1501 836 1560 illo.
849 1499 974 1560 Boethus
985 1513 1081 1560 tamen
1091 1501 1182 1576 dixit,

100 1632 161 1671 nnn
184 1632 246 1670 esse
269 1609 427 1670 Animal.»
444 1608 535 1669 Vides
556 1608 794 1681 affirmationem,
817 1620 846 1668 et
863 1607 990 1680 additam
1009 1608 1148 1668 rationem
1173 1631 1182 1668 a

100 1717 189 1792 Quod
212 1717 318 1777 animal
339 1715 518 1797 prestantius
533 1736 590 1774 non
607 1715 784 1774 animated
806 1715 923 1776 Platone
943 1737 977 1775 ea
993 1727 1037 1774 est
1051 1727 1182 1796 sumpta,

100 1825 132 1883 in
147 1824 256 1883 Ttmaeo
272 1846 282 1883 a
297 1822 395 1897 «Fas,
413 1822 523 1902 inquit,
544 1843 604 1880 non
623 1832 686 1895 est,
707 1842 762 1880 nec
780 1841 917 1901 tanquam
936 1819 1009 1892 luit3
1027 1819 1184 1902 quidquam

99 1930 159 1990 nisi
172 1928 397 2011 pulcherrimum
416 1927 513 1987 faeere
531 1948 616 2001 eum,
631 1927 682 2007 qui
696 1939 740 1987 est
749 1927 884 2008 optimus.
896 1925 992 2000 Quum
1005 1925 1080 1986 bane
1097 1927 1185 1986 ratio-

97 2053 171 2094 nern
186 2035 273 2118 igitrn
290 2033 436 2094 habuisset
449 2031 584 2115 (Deru),
601 2033 762 2114 reperiebat
780 2032 853 2092 nihil
872 2053 934 2092 esse
948 2053 1063 2106 eornm,
1079 2055 1142 2113 quae
1153 2034 1184 2092 in

100 2155 206 2202 natura
222 2154 429 2215 armarentur,
451 2163 510 2200 non
526 2139 689 2222 intelligens
708 2141 909 2223 intelligente,
928 2140 958 2200 in
980 2152 1038 2202 toto
1058 2162 1182 2223 genere,

100 2251 294 2330 praestantius.
310 2248 440 2309 Mentem
452 2259 549 2311 autem
563 2247 605 2306 illi
618 2248 660 2307 rei
670 2246 834 2327 adjunctam
847 2268 910 2308 esse
921 2249 983 2308 sine
994 2250 1091 2309 aniano
1103 2247 1184 2310 nefas

100 2377 168 2416 esse
184 2379 193 2413 ι
209 2355 343 2436 quocirca
355 2354 573 2436 intelligentiam
586 2354 618 2411 in
628 2354 747 2437 animo,
765 2355 892 2414 animum
906 2355 1045 2415 conclusit
1064 2356 1095 2416 in
1116 2377 1185 2416 cor-

99 2485 175 2544 pore
190 2485 200 2521 a
215 2462 257 2522 sic
274 2474 353 2522 ranas
370 2482 442 2542 opus
454 2459 526 2521 illud
543 2460 682 2527 effectum,
690 2479 752 2520 esse
769 2461 1035 2542 pulcherrimum.»
1058 2461 1182 2522 Platonis

100 2569 283 2628 ratiocinatio
299 2579 343 2627 est
354 2591 363 2626 ι
376 2567 456 2626 Deus
468 2567 594 2647 optimus
610 2567 751 2647 optimum
766 2565 835 2625 lecit
848 2591 857 2625 e
871 2567 943 2626 nihil
957 2581 1058 2628 namra
1072 2569 1184 2628 intelli-

100 2684 191 2756 gente
204 2673 308 2733 melins
323 2696 332 2731 a
349 2693 417 2754 ergo
436 2670 565 2731 Mundus
585 2671 758 2753 intelligens.
777 2670 807 2730 si
827 2669 897 2746 hoc,
914 2673 1000 2731 ctiam
1013 2675 1181 2736 animamsz

99 2778 510 2862 quoniamintelligentiasine
520 2778 752 2837 animaessenon
759 2789 862 2859 potest.
872 2778 1084 2860 intelligentem
1093 2802 1182 2860 quum

99 2886 191 2957 dicit,
204 2884 384 2944 Rationalem
396 2884 499 2957 sentit,
511 2882 590 2964 quod
599 2896 745 2943 consonat.
760 2883 861 2964 ltaque
869 2883 991 2943 Zentnds
1004 2885 1091 2943 verba
1101 2887 1183 2964 ejus-

99 2993 172 3054 dem
193 2993 236 3051 rei
257 3004 345 3067 sant,
368 2992 398 3050 in
415 2989 501 3052 Sexto
518 2990 683 3074 Empirieo,
701 2993 756 3052 ista
774 3015 782 3052 ι
799 2989 870 3067 «Si,
889 2991 968 3082 quod
983 3004 1026 3051 est
1039 2993 1182 3075 particeps

99 3099 243 3174 rationis,
267 3111 311 3159 est
325 3099 429 3159 melius
452 3115 486 3159 eo
508 3098 586 3181 qnod
608 3112 651 3159 est
671 3099 747 3159 illius
768 3119 894 3181 expers:
911 3109 954 3159 est
971 3121 1038 3182 crgo
1054 3099 1182 3160 Mundus

98 3207 248 3289 particeps
258 3207 385 3266 rationis.
401 3204 439 3265 Et
449 3206 579 3265 similiter
589 3205 840 3289 argumentabatur
849 3207 880 3265 in
891 3227 937 3279 eo,
947 3205 1025 3288 quod
1035 3221 1078 3266 est
1087 3208 1181 3266 anima

98 3312 270 3397 preditum,
287 3325 316 3374 et
325 3313 404 3395 quod
415 3314 617 3373 Inanimatum.
633 3340 648 3367 ιι
662 3314 737 3372 Anu.
753 3311 854 3394 Neque
866 3337 943 3374 nune
964 3315 1026 3374 sine
1049 3315 1109 3374 risu
1128 3337 1182 3373 au-

97 3422 154 3484 dio
167 3444 177 3480 a
191 3433 221 3480 et
237 3422 323 3503 quale
342 3419 419 3480 istud
436 3422 568 3494 Animal,
586 3434 615 3481 et
630 3443 701 3503 quas
717 3434 813 3501 partes
829 3419 938 3480 hahet?
959 3419 1037 3480 ers.
1060 3420 1181 3480 Partes?

98 3529 186 3590 Bene
195 3529 324 3612 suggeris
338 3552 346 3587 r
360 3527 453 3601 dabo,
466 3529 504 3606 ad
512 3527 635 3587 hominis
645 3540 675 3588 et
684 3529 766 3587 tunm
776 3527 874 3588 instar.
887 3525 1053 3588 Plutarchus
1068 3529 1107 3587 ita
1118 3527 1181 3588 dis-

96 3633 266 3716 tribuit(de
276 3633 362 3694 Facie
373 3637 403 3694 in
415 3633 484 3694 orbe
495 3634 581 3694 Luna
590 3633 621 3717 ):
635 3661 649 3689 α
660 3634 753 3695 Stell‘e
763 3637 836 3695 sicut
846 3635 920 3695 oculi
927 3611 1056 3695 lucentes
1068 3637 1097 3694 in
1107 3635 1181 3695 facie

96 3741 240 3804 Universi
252 3743 350 3803 orbern
364 3765 448 3802 suum
460 3756 611 3826 peragunt.
626 3741 673 3803 Sol
687 3743 716 3803 vi
731 3743 867 3825 preditus
879 3743 988 3815 cordis,
1003 3755 1035 3801 ut
1044 3741 1099 3802 hoe
1113 3765 1183 3802 san-

96 3851 223 3934 guinem
239 3863 268 3909 et
281 3851 429 3932 spiritum,
447 3851 488 3910 sic
506 3850 641 3911 diffundit
658 3873 694 3911 ex
711 3873 744 3911 se
759 3861 938 3934 vegetantem
953 3851 1076 3910 calorem
1091 3861 1119 3909 et
1132 3849 1182 3908 lu-

96 3979 180 4017 cem.
201 3957 290 4017 Terra
306 3969 335 4017 et
350 3958 425 4018 Mari
447 3957 593 4032 Mundus,
615 3972 648 4018 ut
668 3958 774 4018 animal
792 3971 892 4018 ventre
908 3969 937 4017 et
952 3957 1063 4029 vesica,
1079 3957 1179 4016 utitem

97 4063 188 4124 Luna
203 4065 278 4125 inter
290 4063 385 4124 Solem
398 4078 426 4125 et
436 4065 571 4141 Terram,
587 4079 621 4125 ut
634 4067 709 4126 inter
720 4063 776 4124 Cor
785 4076 814 4124 et
823 4065 981 4138 Ventrem,
997 4063 1075 4122 velut
1084 4061 1179 4141 jecur,

96 4185 155 4233 aut
172 4170 250 4231 aliud
264 4173 350 4232 molle
362 4170 457 4232 viscus
472 4186 531 4246 est,
554 4184 583 4231 et
597 4173 798 4254 respirationes
814 4171 893 4231 illine
909 4169 1072 4232 excoctione
1086 4167 1180 4250 aliqua
1294 4233 1298 4240 ,

98 4290 135 4339 et
147 4278 319 4362 purgatione
335 4291 485 4340 attenuans
501 4278 644 4339 diffundit.
660 4305 674 4331 ιι
691 4278 786 4360 Atque
799 4299 852 4360 ego
867 4275 1012 4358 sanctetsi
1023 4275 1105 4337 aliter
1115 4275 1182 4335 Ma·
1216 4363 1217 4370 ἵ
