2950 4934
295 475 361 562 452
687 465 977 538 axcaarrs

293 603 422 672 minem
443 621 582 668 susurro
598 613 763 692 appetas,
784 598 955 666 neminem
972 594 1133 665 suffodias
1143 646 1155 684 ,
1173 599 1284 692 palam
1301 623 1378 695 ag·

297 716 442 815 gredere
452 745 462 804 3
473 740 543 785 non
554 737 652 808 geres
661 712 869 798 conflictum,
881 715 946 782 nisi
957 710 1135 801 indixeris3
1144 739 1220 785 nam
1229 715 1379 786 fraudes

294 852 329 906 et
344 833 414 902 doli
432 830 643 900 imbecillum
658 827 793 898 decent.
809 829 885 899 Eris
899 829 1151 924 magnanimus,
1168 831 1196 899 si
1212 832 1379 925 pericula

291 971 358 1018 nec
375 962 537 1041 appetas,
557 959 597 1012 ut
610 943 833 1032 temerarius3
854 966 920 1012 nec
944 943 1125 1027 formides,
1146 960 1185 1012 ut
1201 943 1346 1012 timidus
1363 977 1374 1033 ς

290 1088 371 1136 uam
385 1064 437 1131 nil
449 1061 605 1131 timidum
620 1061 702 1130 iacit
714 1061 889 1146 animum,
909 1059 975 1128 nisi
993 1058 1269 1155 reprehensibilis
1284 1060 1377 1127 vitae

291 1175 511 1250 conscientia.
538 1181 701 1247 Mensura
724 1201 809 1270 ergo
837 1177 1123 1270 magnanimitatis
1141 1192 1214 1262 est,
1236 1201 1300 1246 uec
1319 1179 1377 1244 ti-

166 1348 172 1358 .
284 1295 421 1366 midum
437 1317 512 1365 esse
527 1293 726 1376 bominem,
747 1315 812 1362 nee
833 1290 1011 1362 audacem.

664 1509 708 1550 os
728 1473 982 1551 concinnaris.

339 1653 591 1723 continentiam
616 1649 746 1718 verosi
768 1647 906 1742 diligis,
936 1649 1142 1744 circumcide
1166 1651 1376 1745 superflua,

286 1789 324 1838 et
336 1772 380 1838 in
402 1783 531 1838 arctum
555 1763 725 1835 desideria
743 1779 800 1832 tua
817 1765 1028 1856 constringe.
1047 1765 1232 1834 Considera
1250 1784 1377 1838 tecum

288 1900 456 1978 quamtum
472 1896 595 1955 natura
610 1895 746 1975 poscat,
766 1895 802 1948 ct
818 1903 889 1948 nou
908 1896 1070 1976 quantum
1085 1881 1252 1976 cupiditas
1265 1908 1381 1977 expe-

290 2018 352 2071 tat.
371 1997 749 2080 annumeraberis,
770 2019 810 2064 eo
825 2019 937 2088 usquc
952 1998 1154 2090 pervenies,
1178 2015 1216 2068 ut
1237 2016 1270 2067 te
1289 2002 1380 2093 ipso

290 2133 468 2189 contentus
496 2117 556 2185 sis.
581 2117 669 2184 Nam
694 2115 753 2206 qui
776 2111 844 2182 sibi
864 2113 928 2206 ipsi
947 2114 1026 2182 satis
1046 2128 1120 2196 cst,
1141 2139 1216 2184 cum
1235 2115 1381 2186 divitiis

292 2251 392 2302 uatus
404 2247 467 2300 est.
479 2233 621 2323 Impone
633 2229 916 2322 concupiscentiae
928 2244 995 2298 tute
1007 2230 1147 2300 fraenum
1161 2248 1194 2301 et
1207 2233 1352 2303 modurn
1366 2288 1379 2318 ,

292 2351 474 2441 omniaque
487 2345 805 2438 blandimentoque
816 2345 981 2415 occultam
991 2347 1195 2442 voluptatem
1208 2351 1379 2435 trabunt,

292 2465 410 2559 rejice.
430 2463 503 2534 Ede
521 2465 607 2533 citra
623 2461 843 2545 cruditatem,
864 2457 945 2531 bibe
961 2463 1048 2532 citra
1063 2463 1272 2534 ebrietatem.
1289 2467 1381 2536 oh-
1473 2455 1474 2466 ἢ

292 2603 391 2649 serva
407 2605 452 2650 ne
468 2581 506 2648 in
523 2579 698 2659 convivio,
718 2592 779 2645 aut
792 2577 829 2645 in
842 2576 996 2670 qualibet
1007 2579 1085 2648 vitae
1101 2581 1376 2663 communitate,
1472 2565 1473 2576 ἵ

291 2721 378 2790 quos
393 2721 463 2766 non
481 2693 669 2764 imitaberis
689 2691 852 2762 damnare
870 2691 1037 2776 videaris,
1059 2717 1124 2764 uec
1145 2697 1380 2789 praesentibus
1470 2783 1471 2789 ἵ

292 2813 440 2882 delictiis
455 2809 660 2892 inbaerebis,
677 2833 743 2878 nec
755 2791 966 2878 desiderabis
978 2809 1150 2880 absentes.
1169 2813 1283 2882 Victus
1305 2817 1379 2885 tibi

292 2952 334 2996 ex
352 2928 444 2996 facili
469 2927 534 3011 sit3
555 2948 620 2992 nec
640 2923 685 2991 ad
706 2921 912 3016 voluptatem
922 2972 934 3007 ,
954 2921 1015 2992 sed
1033 2923 1078 2992 ad
1095 2926 1208 2994 cibum
1223 2929 1377 2998 accede.

292 3043 444 3111 Palatum
463 3055 558 3110 tuum
573 3039 678 3106 fames
691 3037 837 3119 excitet,
858 3061 929 3106 non
947 3063 1096 3132 sapores.
1117 3039 1293 3110 Desideria
1315 3062 1380 3113 tua

291 3183 398 3253 parvo
414 3155 565 3239 redime,
586 3156 668 3249 quia
694 3154 761 3223 boc
782 3169 912 3223 tantum
934 3179 1055 3225 curare
1075 3155 1198 3241 debes,
1217 3173 1255 3226 ut
1271 3157 1380 3230 desi·
1466 3215 1467 3222 ,

294 3291 399 3361 nant,
419 3290 523 3366 atquc
547 3271 645 3365 quasi
672 3268 717 3340 sd
743 3271 914 3363 exemplar
930 3274 1133 3364 compositus
1150 3270 1305 3343 divinum
1324 3328 1336 3359 ,
1358 3305 1378 3347 a
1465 3321 1466 3330 .

294 3413 437 3483 corpore
450 3389 495 3458 ad
512 3387 670 3483 spiritum
685 3402 851 3479 quantum
868 3403 964 3481 potes
980 3385 1044 3482 (al.
1057 3392 1184 3484 potest)
1198 3407 1229 3458 te
1244 3390 1377 3461 festina

294 3505 471 3576 reducere.
487 3505 523 3574 si
542 3504 764 3572 continentia
779 3501 908 3588 studes,
924 3504 1042 3574 habita
1052 3531 1122 3575 non
1136 3530 1291 3588 ammae,
1313 3511 1380 3579 sed
1463 3491 1464 3496 ἵ

296 3622 490 3702 salubriter,
503 3643 568 3689 nec
579 3617 754 3688 dominum
767 3643 841 3689 esse
851 3620 936 3689 velis
948 3637 1065 3690 notum
1077 3647 1096 3690 a
1109 3622 1225 3707 domo,
1240 3623 1306 3690 sed
1316 3626 1381 3694 do·

295 3734 577 3808 mumadomino.
588 3736 665 3802 Non
675 3733 738 3800 tibi
748 3733 921 3803 adscribas
930 3733 1023 3828 quod
1033 3761 1100 3805 nou
1110 3739 1190 3820 cris,
1200 3761 1264 3806 nec
1272 3743 1377 3832 quod

294 3832 344 3936 cs,
365 3876 429 3921 nec
444 3851 553 3945 majus
568 3873 669 3942 quam
683 3871 720 3918 es
739 3849 850 3918 videri
865 3850 962 3920 velis.
985 3855 1059 3922 Hoc
1071 3855 1179 3947 majus
1199 3852 1349 3926 observa
1365 3910 1375 3938 ‚

293 3994 359 4040 nec
371 3985 552 4064 paupertas
563 3967 627 4037 tibi
640 3964 815 4036 immunda
827 3968 891 4051 sit,
907 3992 972 4037 nec
987 3972 1191 4065 parsimonia
1204 3969 1352 4044 sordida
1365 4029 1375 4052 ,

294 4110 359 4155 nec
372 4086 568 4180 simplicitas
585 4083 765 4178 neglecta,
784 4108 848 4154 neo
864 4084 985 4155 leuitas
1006 4087 1166 4180 languida
1183 4115 1191 4156 :
1208 4105 1242 4155 et
1260 4090 1291 4155 si
1309 4092 1376 4158 tibi

295 4225 351 4270 res
360 4203 599 4293 exiguaetunt,
612 4224 681 4269 non
695 4215 808 4273 tamen
822 4202 888 4272 sint
900 4219 1061 4296 angusta.
1075 4205 1145 4272 Nee
1159 4219 1214 4273 tua
1225 4201 1372 4288 defleas,
