2950 4934
385 469 867 546 amnarssauaca.
1095 479 1161 565 44⁵

132 605 325 695 Paupertas
343 601 429 670 mibi
445 604 559 696 gravis
572 619 635 672 est.
653 605 759 674 Immo
771 620 808 673 tu
824 606 1028 698 paupertati.
1039 608 1116 676 Nun
1126 608 1163 676 in
1272 689 1275 694 ¹

86 745 292 821 paupertate
306 730 424 799 vitium
442 745 515 810 est,
532 724 646 798 sedin
663 751 828 822 paupere.
850 728 1080 823 llieexpedita
1092 745 1161 815 est,

90 844 234 932 hilaris,
254 861 338 914 tnta.
360 848 495 939 Pauper
511 869 598 944 sum.
614 845 739 913 Nescis
760 861 794 914 te
811 846 993 938 opinione,
1014 871 1083 916 uon
1103 871 1161 931 re,

89 947 248 1030 laborare
268 983 430 1054 :pauper
454 983 512 1047 es,
538 961 622 1053 quia
640 958 782 1028 rideris.
807 967 943 1053 Pauper
962 983 1049 1029 sum.
1070 960 1166 1032 Nihil

91 1071 189 1143 deest
208 1075 347 1164 avibus5
364 1099 489 1170 pecore
502 1076 544 1144 -in
569 1075 662 1146 diem
680 1078 800 1147 vivum
822 1103 830 1144 :
851 1075 990 1146 sedsed
1005 1078 1166 1150 alimenta

91 1190 243 1260 solitudo
261 1215 322 1260 sus
337 1182 478 1261 sufficit.

141 1308 303 1375 Nonsum
322 1323 457 1400 potens.
474 1308 617 1396 Gaude3
634 1311 804 1405 impotens
822 1333 891 1382 non
906 1310 1166 1416 eris31njuriam

90 1424 249 1517 accipere
273 1440 408 1517 potero.
436 1424 578 1509 Gaude3
609 1425 722 1495 iacere
739 1451 819 1495 ⁴non
845 1429 986 1521 poteris.
1007 1430 1165 1522 Magnam

90 1541 274 1631 pecuniam
286 1539 404 1609 babet.
419 1542 600 1610 Hominem
613 1541 710 1611 illum
724 1539 856 1612 indicas
867 1546 883 1614 i
895 1567 975 1614 nrca
992 1559 1056 1612 est.
1077 1543 1167 1637 Quis

91 1658 236 1740 aerario,
263 1659 342 1750 quis
361 1658 472 1752 plenis
491 1657 611 1728 loculis
626 1659 756 1728 invidet
768 1663 784 1729 t
796 1664 838 1730 Et
851 1662 923 1757 ipse
941 1685 1042 1754 quem
1056 1661 1166 1730 domi-

91 1793 177 1838 num
208 1773 363 1874 pecuniae
393 1774 585 1855 existimas,
618 1774 751 1844 lomius
779 1791 841 1844 est.
876 1775 1023 1844 Multum
1048 1775 1164 1844 babet.

89 1893 216 1962 Utrum
234 1917 375 1977 avarus,
395 1917 441 1962 an
458 1895 624 1989 prodigus
640 1898 720 1964 est?
737 1897 775 1965 si
792 1909 935 1981 avarus,
958 1921 1025 1966 non
1041 1895 1166 1984 babet3

91 2009 121 2075 si
134 2007 319 2104 prodigus,
336 2034 406 2079 non
416 2010 571 2080 babebit.
589 2013 658 2080 lete
669 2036 772 2105 quem
786 2012 922 2082 beatum
934 2011 1065 2095 credis,
1079 2037 1168 2107 saepe

91 2124 208 2204 dolet,
226 2149 313 2219 saepe
327 2127 488 2230 suspiret.
505 2127 607 2197 Multi
618 2128 715 2197 iilum
730 2129 946 2198 comitantur.
962 2129 1032 2197 Mei
1045 2151 1166 2197 muscae

91 2256 296 2332 sequuntur,
314 2242 482 2311 cadavera
509 2243 604 2337 lupi,
627 2244 798 2314 frumenta
820 2245 998 2314 formicae:
1022 2244 1168 2338 praedam

90 2359 251 2450 sequitur
264 2359 327 2426 ista
340 2358 461 2439 turba,
483 2383 554 2428 non
566 2359 753 2431 bominem.

141 2476 328 2543 Pecuniam
344 2473 493 2568 perdidi.
518 2477 676 2545 Fortasse
692 2494 726 2545 te
746 2478 805 2546 illa
822 2478 1040 2573 perdidisset.
1057 2483 1171 2548 Pecu-

92 2592 187 2659 niam
204 2587 355 2684 perdidi.
374 2588 443 2659 Sed
462 2589 624 2659 habuisti.
650 2595 833 2662 Pecuniam
852 2595 1001 2688 perdidi.
1022 2595 1090 2664 Sed
1106 2593 1171 2663 be-

92 2705 194 2773 bebis
210 2703 290 2772 inde
308 2703 454 2797 periculi
477 2705 603 2773 minus.
623 2708 807 2777 Pecuniam
826 2707 976 2802 perdidi.
996 2709 1028 2778 Ο
1055 2725 1087 2777 te
1114 2710 1171 2777 fe-

92 2821 220 2904 licem„
242 2823 271 2890 si
285 2845 363 2890 curn
377 2821 437 2890 illa
450 2823 626 2892 avaritiam
641 2819 841 2918 perdidisti!
857 2823 925 2894 Sed
938 2825 966 2893 si
982 2840 1094 2892 manet
1112 2823 1169 2892 illa

92 2940 187 3033 apud
198 2956 250 3021 te,
263 2961 300 3021 ee
311 2955 422 3008 tamen
441 2955 625 3033 utcumque
641 2941 786 3026 felicior,
798 2941 890 3034 quod
899 2956 993 3010 tanto
1003 2941 1090 3009 malo
1103 2965 1171 3010 ma·
1189 2981 1192 2988 ,

91 3051 356 3125 teriasubducta
363 3073 427 3124 est.
437 3055 577 3126 Perdidi
588 3058 781 3150 pecuniam.
799 3059 839 3124 Et
847 3039 908 3124 illa
917 3054 1056 3148 quidem
1067 3079 1169 3148 quam

93 3175 221 3244 multos
230 3175 331 3242 teris
342 3198 434 3241 nunc
447 3175 484 3241 in
498 3174 553 3242 via
565 3171 769 3269 expeditior,
784 3170 875 3241 domi
892 3171 1007 3240 tutior.
1018 3175 1096 3241 Non
1107 3173 1170 3241 ba·
1190 3245 1193 3251 ,

93 3290 213 3374 bebis,
238 3288 298 3358 sed
316 3314 383 3358 non
402 3288 538 3358 timebis
553 3289 727 3358 heredem.
741 3290 946 3358 Exoneravit
963 3303 995 3356 te
1012 3287 1165 3370 fortuna,

93 3406 122 3472 si
135 3402 321 3497 intelligis,
337 3419 372 3471 et
385 3404 509 3472 tutiore
523 3404 599 3472 looo
609 3404 734 3496 posuit.
750 3404 917 3471 Damnum
928 3405 1049 3497 putas?
1059 3426 1169 3471 reme-

94 3520 190 3588 dium
201 3535 265 3587 est.
281 3519 414 3601 Dades,
433 3520 540 3613 gemis
549 3568 561 3605 ,
579 3519 740 3587 miserum
754 3533 788 3587 te
801 3519 975 3600 clamitas,
992 3517 1085 3612 quod
1100 3521 1169 3612 opi·

93 3635 161 3703 bus
184 3659 343 3704 excussus
365 3637 425 3703 es?
438 3637 516 3704 Tuo
537 3635 621 3703 vitio
643 3635 706 3702 ista
729 3633 793 3702 tibi
812 3635 947 3727 jactura
968 3650 1035 3702 tam
1063 3636 1168 3702 tristis

93 3767 160 3819 est.
181 3755 260 3850 Non
278 3767 345 3820 tam
359 3751 498 3822 moleste
517 3751 625 3820 ferres
634 3801 646 3838 ,
668 3752 698 3820 si
716 3767 877 3844 tanquam
894 3751 1090 3844 perditurus
1108 3750 1169 3818 ha-

92 3866 242 3936 buisses.
257 3865 398 3936 Perdidi
415 3868 607 3961 pecuniam.
624 3869 755 3960 Nempe
770 3889 871 3959 quarn
887 3881 925 3934 ut
944 3883 982 3935 tu
1001 3865 1165 3952 haberes,

92 3985 183 4053 alins
199 4000 279 4053 unte
293 3984 504 4078 perdiderat.
551 3988 581 4080 ὀ

141 4103 271 4172 Oculos
288 4102 437 4197 perdidi.
459 4102 569 4171 Habet
585 4117 620 4170 et
637 4127 704 4171 nox
722 4127 799 4171 suas
817 4101 1018 4196 voluptates.
1041 4100 1167 4169 Oculos

94 4218 247 4313 perdidi.
263 4219 376 4313 Quam
390 4220 506 4288 multis
520 4217 765 4314 cupiditatibus
782 4221 836 4288 via
854 4221 960 4289 incisa
973 4219 1051 4289 est?
1066 4241 1168 4312 quam
