2950 4934
314 415 383 490 536
508 482 512 488 ,
674 413 828 484 Jusut
850 415 1018 492 LIPSII

311 556 430 619 humido
444 555 566 637 uligine
579 556 746 639 conglobet·
759 580 896 640 corpore,
910 559 963 620 sod
975 581 1013 620 ex
1027 559 1076 620 illo
1089 559 1233 640 purissimi
1246 555 1329 620 letis
1341 558 1379 630 li-,

312 663 401 746 quido
412 676 442 722 et
450 684 551 726 serem
561 663 703 726 elemento
712 665 846 728 coelite.»
857 663 904 726 En
913 665 1029 748 aliquod
1038 665 1191 729 discr-im
1201 668 1234 728 in
1244 666 1379 736 muterice

312 781 341 832 et
349 769 437 829 Stoici
448 769 657 834 consentienter
667 769 783 852 reliqum
796 787 853 858 sure
867 770 1002 856 docuinae
1016 793 1052 834 ex
1062 768 1179 834 AEttere
1187 771 1328 846 l'ormnnt,
1344 793 1378 832 ex

311 898 369 957 qno
384 888 413 935 et
432 875 549 935 Animus
571 875 720 938 humanus.
737 876 795 938 Sed
808 877 839 938 hi
854 891 939 953 sunt,
955 899 1027 960 quos
1044 877 1138 939 Latini
1154 879 1259 940 Genios
1271 878 1377 940 dicunt.

311 983 502 1046 'liemrllirnus
511 981 645 1066 (Apolog.
657 1005 721 1064 erp.
738 982 790 1062 32)
803 1007 811 1042 r
828 1011 842 1038 s
855 985 975 1044 Nescitis
987 983 1094 1046 Genios
1103 985 1252 1046 Demonss
1266 983 1340 1056 dici,
1352 997 1379 1044 ct

310 1088 380 1164 inde
396 1087 565 1152 diminutive
578 1109 648 1150 voce
663 1087 853 1152 Demouioli·
867 1087 1029 1152 lemtim
1037 1088 1100 1172 (lib.
1115 1089 1164 1162 ll,
1183 1112 1211 1149 c.
1229 1087 1279 1170 td)
1295 1089 1378 1148 :elli

311 1193 428 1275 spiritus
442 1193 496 1252 sibi
513 1190 670 1255 Geniornm
684 1215 789 1254 nomen
805 1208 975 1260 annuunt:
990 1196 1031 1255 sie
1047 1197 1123 1256 enim
1137 1193 1238 1254 Latino
1252 1215 1379 1254 sermone

311 1299 724 1379 Demonesinterpretentur.»
735 1299 836 1360 Festus
846 1313 962 1382 etymon
972 1301 1035 1374 dut,
1050 1277 1193 1361 «Genium
1200 1299 1377 1371 essellenm,

310 1400 361 1479 qni
374 1401 434 1458 vim
455 1399 566 1458 obtinet
580 1420 676 1460 rerum
690 1399 885 1481 genendsrum
894 1385 934 1459 to·
951 1400 1041 1460 Addit
1054 1399 1159 1461 deinde
1177 1422 1186 1458 ε
1208 1425 1223 1452 s
1233 1399 1379 1460 luterum

310 1506 422 1586 inquit,
439 1502 550 1566 Genius
566 1518 609 1564 est
624 1505 751 1566 Deorum
772 1507 845 1566 lilius
868 1519 896 1566 et
915 1528 1018 1590 parcus
1035 1505 1182 1566 hominum
1198 1525 1237 1565 cx
1252 1527 1315 1586 quo
1328 1505 1379 1564 lto-

310 1613 403 1673 mines
423 1613 578 1694 gignuntur
598 1635 607 1670 ι
626 1624 821 1694 etpropteres
836 1611 946 1674 Genius
961 1634 1041 1674 metu
1057 1612 1236 1684 nominatur,
1252 1611 1323 1692 quie
1338 1631 1380 1670 me

311 1720 420 1800 genuit.
434 1717 491 1776 Alii
506 1717 632 1778 Genium
644 1729 830 1799 esscputnnt,
842 1719 928 1780 unius
938 1720 1077 1800 cujusque
1084 1717 1141 1776 loci
1150 1715 1257 1778 Dem.
1271 1741 1286 1768 ο
1298 1715 1381 1774 Veris

310 1827 411 1885 miscet
427 1847 436 1882 r
453 1844 653 1895 secernamus,
676 1837 705 1883 et
722 1825 906 1886 illustremus.
923 1823 1000 1900 Quin
1017 1822 1123 1884 Geniis
1137 1845 1153 1882 u
1165 1821 1310 1900 merlo,
1328 1843 1381 1890 non

310 1933 431 1996 dubium
444 1956 453 1990 ε
466 1933 527 1991 sive
539 1931 607 2011 quin
620 1930 719 2011 gennit
732 1951 802 2002 noe,
818 1931 896 2004 sive,
910 1915 944 1989 ut
956 1931 1110 2010 Apuleius,
1129 1956 1143 1984 s
1155 1929 1224 2012 qnia
1235 1927 1382 2008 nobiscnm

311 2041 434 2122 genitur.
448 2063 463 2091 o
480 2035 627 2097 Aufustius
637 2036 750 2124 aiebat,
763 2063 777 2089 ι
790 2015 912 2096 Decurrit
914 2032 1012 2117 filrltm
1023 2057 1101 2099 essee
1115 2061 1130 2090 s
1141 2034 1288 2126 quorum?
1298 2037 1383 2096 immo

312 2148 398 2207 unius
407 2146 461 2206 Dei
471 2189 480 2217 ,
495 2144 590 2217 lovis,
605 2167 641 2204 ex
653 2147 716 2225 ipso
727 2141 829 2204 Festo:
843 2143 953 2225 «Tages
966 2141 1053 2205 Genii
1065 2143 1155 2217 lilius,
1167 2163 1258 2226 nepos
1267 2142 1359 2217 toris,
1367 2169 1381 2195 ¹

313 2253 365 2332 qui
381 2251 561 2332 disciplinam
576 2251 709 2331 aruspicii
726 2249 815 2309 dedit.
834 2243 926 2336 Igitur
941 2249 1066 2330 supremi
1081 2247 1136 2308 Dei
1151 2247 1245 2321 filins,
1265 2261 1297 2315 et
1311 2248 1382 2330 (nisi

311 2357 417 2437 inllor)
436 2355 574 2415 Varronis
595 2355 827 2438 interpretatione
846 2353 984 2440 Mundus.
1002 2354 1176 2437 Augustinus
1193 2377 1201 2440 ².
1221 2381 1235 2408 ι
1249 2351 1329 2430 Quid
1344 2368 1383 2415 est

312 2461 443 2526 Genius?
453 2462 532 2528 Deus
547 2475 605 2535 est,
623 2463 718 2544 inquit
727 2459 768 2542 (V
769 2460 845 2548 erro)
855 2476 863 2535 '‚
875 2463 925 2542 qui
940 2462 1105 2544 proeposilus
1121 2473 1163 2523 est
1178 2483 1211 2522 ac
1226 2452 1288 2522 vim
1300 2461 1383 2522 hauet

313 2570 442 2631 omnium
456 2589 552 2628 renim
569 2558 786 2651 gignendarum.
801 2593 815 2620 υ
829 2565 934 2626 subdit
946 2567 1120 2658 Augustinus
1136 2590 1144 2626 ε
1164 2593 1177 2620 α
1186 2566 1283 2641 Quem
1298 2568 1382 2634 aliurn

312 2675 387 2734 hunc
401 2675 460 2733 rim
473 2673 580 2734 habere
593 2671 730 2745 credunt,
746 2692 832 2753 quom
845 2671 1006 2746 Mundum,
1019 2673 1065 2734 eui
1078 2673 1184 2737 dietum
1196 2684 1258 2744 est,
1271 2671 1383 2754 Jupiter

312 2784 509 2863 omnipotens,
531 2779 712 2862 progenitor,
735 2779 937 2861 genitrixque?
960 2777 999 2838 Et
1020 2801 1085 2846 curn
1101 2778 1157 2838 ulio
1177 2778 1242 2838 loco
1257 2775 1382 2838 Genium

181 2891 188 2909 ”
313 2889 383 2948 dicit
396 2907 459 2948 csse
473 2887 698 2966 uniuscnjusque
713 2885 849 2946 Animum
864 2885 1048 2958 rationalem,
1064 2897 1093 2944 et
1105 2884 1170 2945 ideo
1183 2905 1246 2947 esse
1257 2863 1383 2966 singulos

311 2994 430 3076 singulis
445 3016 455 3050 s
470 2992 555 3052 tnlern
570 3003 683 3062 entem,
699 2989 803 3050 Mundi
818 2990 962 3062 animum,
980 2990 1074 3050 Deum
1089 3009 1150 3054 esse
1163 3011 1171 3048 ι
1184 2989 1221 3048 ud
1235 2988 1292 3048 lino
1308 2989 1382 3048 idem

312 3099 413 3180 utique
432 3109 564 3170 revocet,
588 3108 621 3156 ut
643 3109 779 3177 tanquam
797 3095 973 3156 Universelis
987 3094 1098 3156 Genius
1118 3096 1180 3176 ipse
1193 3093 1301 3154 Mundi
1318 3096 1384 3153 nni-

226 3210 228 3219 ’
314 3225 378 3264 mus
394 3225 455 3264 esse
468 3203 611 3264 credatur.
622 3230 637 3256 s
654 3202 743 3263 Haud
758 3201 845 3262 dubie
859 3202 890 3262 in
905 3201 949 3262 his
964 3201 1117 3261 doctissimi
1133 3200 1271 3260 Varronis
1292 3199 1383 3260 Stoice

311 3311 407 3389 alique
422 3311 561 3370 sententia
577 3322 621 3370 est
636 3332 645 3368 r
664 3321 694 3370 et
714 3309 827 3391 qualis?
845 3307 970 3370 Genium
986 3308 1129 3389 duplicem
1146 3326 1208 3366 esse
1223 3329 1234 3364 r
1247 3287 1385 3384 Singulo-

311 3435 392 3483 rem,
416 3413 552 3476 Animum
567 3436 650 3477 suum
665 3415 785 3496 cuique;
807 3413 1013 3481 Universalem,
1037 3413 1172 3472 Animum
1191 3409 1311 3470 Mundi.
1329 3410 1385 3469 Hie

312 3521 399 3602 igitur
414 3519 551 3592 Animus,
574 3521 633 3579 sive
652 3547 667 3574 s
680 3519 870 3601 Incorporelis
892 3519 973 3579 Retio
993 3519 1048 3601 (ut
1070 3515 1201 3600 Seneca)
1223 3518 1385 3600 ingentium

313 3648 432 3706 operum
447 3624 566 3699 artilex,
579 3651 593 3678 s
612 3624 721 3686 Genius
736 3626 785 3685 ille
801 3638 843 3685 est
857 3645 874 3683 e
889 3625 1029 3708 genendo.
1046 3624 1106 3684 llec
1119 3621 1383 3707 inepteller'srd'ns,

315 3731 383 3810 quie
396 3731 434 3790 nb
447 3751 482 3790 eo
496 3743 556 3802 eet,
573 3742 602 3795 et
615 3730 691 3792 idem
706 3733 778 3811 ipse.
795 3731 895 3812 ltaque
906 3730 987 3794 vides
1001 3729 1144 3812 duplicem
1158 3729 1242 3788 abiis
1257 3729 1385 3790 Genium

315 3838 399 3901 stetui
424 3859 433 3894 e
456 3837 534 3917 quod
549 3837 617 3896 item
640 3859 656 3895 a
680 3837 806 3917 Capella.
826 3833 896 3895 «Ex
917 3835 1111 3917 superiorum,
1129 3835 1239 3916 inquit,
1256 3834 1385 3895 Deorum

314 3941 450 4013 arbitrio,
473 3954 502 4000 et
524 3943 712 4003 secundorum
735 3943 885 4016 comitatu,
911 3955 939 4004 et
955 3940 1102 4002 Generalis
1117 3943 1245 4024 omnium
1261 3943 1385 4026 praui,

351 4167 403 4218 'lta
414 4171 461 4236 leg.
472 4189 522 4221 non
532 4171 714 4240 gerendorum.
