2950 4934
380 407 657 484 srrsrons
681 410 829 482 xc1v.
1101 418 1148 512 a,

65 547 132 642 ligo
143 550 169 630 ¹,
181 543 354 640 profuisse
366 544 398 610 ².
415 571 431 608 a
446 545 580 612 Minuta
594 540 770 635 quadam,
784 559 823 612 ut
835 543 884 613 ait
897 535 1060 629 Phoedo³‚
1075 548 1150 615 ani·

65 658 182 747 malia',
203 685 314 755 quum
331 660 512 744 mordent,
534 683 603 730 nou
622 661 835 748 sentiuntur,
851 661 936 731 adeo
950 664 1065 732 tenuis
1078 663 1149 734 illis

67 797 99 848 et
118 778 236 847 fallens
257 779 295 844 in
314 776 507 872 periculum
525 777 579 846 vis
598 792 649 846 est
667 803 675 845 :
693 791 807 846 tumor
823 777 953 848 iudiost
971 802 1145 863 morsum,

66 910 99 961 et
122 894 158 960 in
183 893 260 985 ipso
289 905 423 958 tumore
441 889 573 958 nullum
593 889 719 960 vulnus
736 907 891 986 apparet.
913 891 1008 961 Idem
1028 893 1093 964 tibi
1109 897 1149 964 iu

67 1008 324 1077 couversatione
348 1005 499 1075 virorum
525 1005 732 1100 sapientium
752 1009 914 1077 eveniet:
931 1033 1001 1079 nou
1020 1009 1147 1104 depre-

66 1123 193 1192 hendes
207 1119 514 1216 quemadmodum,
530 1136 591 1191 unt
604 1122 742 1214 quando
758 1123 822 1192 tibi
835 1126 962 1218 prosit,
979 1127 1148 1222 profuisse

65 1240 316 1336 deprehendes.
330 1266 411 1306 s-
425 1240 602 1333 Quorsus,
631 1234 793 1333 inquis⁴,
819 1241 887 1310 hoe
909 1246 1059 1338 pertinet
1071 1246 1148 1315 l·-

65 1357 171 1448 AEque
196 1369 369 1450 precepta
394 1353 504 1436 bona,
532 1353 561 1421 si
585 1377 671 1447 saepe
697 1368 811 1424 tecum
831 1356 918 1440 siut,
941 1357 1142 1451 profutura,
1169 1390 1203 1459 ⁴²

66 1495 163 1563 quam
173 1471 267 1540 bona
278 1462 678 1565 exemplaPythugoras⁵
690 1471 752 1558 ait,
767 1470 897 1540 «alium
905 1473 1056 1544 animum
1066 1473 1144 1542 fieri

67 1589 274 1658 intrantibus
300 1587 486 1683 templum,
515 1589 734 1681 Deorumque
760 1588 942 1660 simulacra
967 1613 1008 1660 ex
1031 1591 1161 1664 vicino„

65 1706 306 1790 comentibus,
327 1721 362 1775 et
376 1704 521 1797 alicujus
537 1700 691 1774 oraculi⁶
710 1707 967 1800 opperientibus
979 1733 1140 1778 vocem.»

108 1824 202 1918 Quis
219 1840 333 1893 autem
350 1822 545 1915 negaverit,
562 1820 659 1892 feriri
673 1823 878 1915 quibusdum
894 1826 1074 1920 preceptis
1089 1825 1141 1894 ef-

66 1941 217 2009 licueiter
236 1941 339 2010 etiam
356 1937 653 2032 imperitissimos?
669 1937 764 2008 velut
782 1939 838 2008 his
853 1940 1062 2012 brevissimis
1081 1965 1139 2012 vo·
1166 1959 1200 2030 43

66 2053 161 2124 cibus
170 2105 183 2142 ,
202 2053 265 2124 sed
282 2052 424 2124 multum
444 2049 651 2120 habentibus
667 2050 856 2147 ponderis:

319 2233 410 2251 ......
422 2194 493 2248 Nihil
507 2193 616 2248 sinist!

312 2281 430 2338 Arams⁸
440 2279 541 2334 animas
553 2278 626 2336 nullo
638 2281 742 2338 satiatur
754 2283 834 2338 luere.

314 2367 355 2423 Ab
366 2367 417 2422 alio
430 2375 554 2439 exspertes
563 2404 572 2432 ,
581 2363 655 2419 elteri
666 2367 735 2436 quod
747 2369 844 2423 seceris.

65 2497 144 2566 Haec
160 2517 239 2566 cum
258 2493 331 2562 ictu
346 2487 496 2586 quodam
513 2486 687 2576 audimus,
707 2515 773 2561 nec
789 2493 852 2562 ulli
863 2494 946 2564 licet
963 2491 1137 2579 dubitare,

96 2703 117 2736 r.
126 2683 282 2738 Sicutiliud
288 2685 411 2755 intelligo.
419 2681 507 2736 Ethor
515 2699 576 2735 nor·

63 2773 97 2814 trs
109 2763 143 2815 de
154 2761 262 2833 eoujeet.
273 2761 362 2836 Vulgo
371 2765 409 2816 rie
415 2771 445 2814 ut
455 2762 527 2815 tttud
534 2763 576 2812 ἰη-

63 2844 188 2910 retttgom.
198 2839 282 2894 Scin

93 2941 116 2971 ι.
129 2919 184 2972 Nx
193 2919 268 2972 riti...
277 2917 415 2990 puduisse.
426 2918 475 2972 lut.
487 2937 577 2988 quam·

63 3017 138 3068 quatu
151 2998 227 3052 heile
235 2997 352 3071 intelligo
363 2997 429 3052 milri
435 2999 574 3073 profuisse,

62 3097 112 3129 non
133 3097 236 3150 possum
255 3077 330 3130 facile
347 3077 431 3131 dicere
448 3075 576 3148 quemad-

63 3157 167 3210 modum
187 3157 312 3230 profuerit
331 3157 396 3210 mihi
416 3156 574 3210 conversatio

64 3235 105 3288 rlla
116 3237 256 3290 bonorum.

92 3315 116 3364 3.
129 3315 240 3368 Plroede·
251 3313 349 3369 Pbmdo
358 3310 484 3375 Eliensir,
498 3310 574 3364 Elia-

64 3411 95 3445 σε
104 3407 179 3448 seete
190 3405 290 3458 auctor,
302 3393 413 3448 Socratis
424 3390 571 3464 discipulus,

63 3472 128 3542 eujus
146 3473 254 3526 nornine
273 3473 415 3545 Dialogum
432 3471 573 3526 celeberri-

625 2679 651 2732 ΙΙ
660 2679 692 2734 de
700 2683 780 2757 Legg.
788 2703 840 2739 err
849 2703 857 2739 ε
867 2707 881 2735 ι
889 2685 923 2739 Et
932 2686 998 2740 illud
1008 2687 1074 2741 bene
1084 2687 1139 2742 dio-

625 2771 678 2814 tum
687 2763 909 2838 estel’ythegora,
918 2765 1062 2818 doctissimo
1070 2765 1137 2834 viro,

625 2851 679 2892 tum
691 2840 801 2892 maxime
817 2854 843 2893 et
859 2842 976 2916 pietatem
989 2855 1014 2896 et
1026 2843 1139 2919 religio-

625 2937 685 2970 nem
697 2919 792 2972 rerssri
804 2919 833 2971 iu
845 2919 951 2980 snimis,
971 2940 1051 2991 quum
1062 2920 1137 2975 rebus

625 2993 722 3048 divinis
732 3015 835 3068 operum
845 2995 969 3052 daremus.
981 3019 995 3046 κ
1005 2999 1079 3070 Le'ps.

656 3072 735 3128 bEt
751 3077 863 3138 alieuius
881 3076 983 3128 oraculi
994 3086 1040 3128 etc·
1053 3074 1097 3129 Sic
1108 3097 1136 3130 a.

622 3168 644 3203 c.
657 3149 692 3204 R·
703 3152 739 3207 A.
753 3165 781 3204 ut
792 3151 871 3224 vulgo
883 3171 890 3206 :
902 3150 946 3204 sed
962 3151 1064 3205 videtur
1074 3173 1134 3206 eum

623 3229 696 3284 Pinc.
710 3243 735 3282 et
752 3231 834 3284 Pelet.
854 3251 877 3286 ι.
896 3242 921 3284 et
941 3230 999 3284 Col.
1016 3230 1045 3283 in
1064 3231 1135 3286 hune

622 3309 729 3362 modum
743 3307 883 3384 supplenda
898 3307 997 3372 ontio,
1011 3320 1038 3362 et
1047 3311 1134 3362 alium

621 3398 683 3442 ante
686 3389 764 3461 som
774 3392 885 3452 alieuius
901 3400 948 3440 etr.
963 3385 1014 3440 nisi
1030 3386 1133 3441 uberius

622 3465 833 3532 etiamnullum
843 3467 982 3538 anteferes
990 3468 1132 3534 stantibus,

64 3569 127 3602 mum
137 3550 168 3604 de
179 3550 368 3604 immortalitate
380 3549 472 3604 enimse
482 3548 571 3602 iuscri-
619 3553 644 3596 et
654 3547 781 3611 aiicujus,
794 3556 841 3598 ete.
852 3542 934 3598 Sele.

63 3628 106 3699 psit
124 3629 209 3684 Phio.
231 3628 339 3696 Scripsit
355 3627 503 3701 Dialogos‚
524 3625 570 3698 qui

63 3723 145 3759 omnes
161 3706 276 3780 periere,
297 3718 322 3758 et
338 3705 408 3759 uude
424 3704 493 3769 hoeo,
512 3723 570 3777 quae

655 3643 677 3691 7.
695 3623 774 3676 Nlla!
786 3626 875 3675 nimis.
887 3621 1005 3677 Chilonis
1019 3625 1132 3680 effatum.

620 3699 722 3754 Plinius
739 3698 860 3764 lib-Vll,
881 3721 936 3774 esp.
954 3703 986 3754 32
1005 3701 1067 3755 dicit
1084 3701 1133 3755 bu·

64 3780 168 3838 laudarit
183 3797 283 3851 noster,
300 3783 432 3858 desumpta
446 3795 512 3837 snut.
528 3785 569 3837 cf.
619 3779 659 3852 jus
670 3778 790 3852 sapientis
810 3792 931 3853 precepta
949 3781 1038 3834 litteris
1050 3781 1132 3835 eureis

64 3859 167 3915 Fabricii
187 3863 257 3916 Bibl.
272 3882 347 3938 graee.
360 3861 406 3915 lib.
417 3863 499 3929 Il,c.
515 3861 569 3928 ²33
619 3857 647 3910 in
673 3858 756 3909 fronte
783 3856 872 3926 templi
895 3857 1016 3932 Delphici
1041 3859 1131 3932 scriptu

65 3937 77 4004 S
88 3939 125 4010 lp
136 3940 229 3993 llamb.

92 4007 113 4068 t
131 4006 226 4076 loquis
244 4021 314 4062 reete
334 4007 394 4062 libri
411 4019 470 4060 vett.
485 4006 570 4082 Vulgo

65 4085 147 4150 inquit.
159 4085 240 4140 Sedu.

619 3935 706 3988 luisse.

652 4015 676 4067 8.
688 4014 812 4080 Avarus,
825 4026 871 4068 etc.
884 4015 933 4069 llic
947 4034 1034 4069 versus
1050 4028 1075 4069 et
1085 4035 1130 4068 se-

619 4111 699 4161 queus
708 4114 721 4145 e
730 4093 815 4147 Publii
827 4094 887 4166 Syri
893 4095 1023 4148 sententiis
1034 4094 1129 4170 repetiti

97 4165 117 4212 5.
130 4163 308 4236 Pythagoras.
320 4163 377 4218 lloc
389 4165 423 4219 ita
435 4165 502 4239 apud
514 4166 569 4220 cic.
619 4186 671 4223 esse
685 4169 814 4224 videntur:
824 4171 915 4225 nott.
