2950 4934
406 495 675 566 nrts'ront
698 497 845 567 cv111.
1014 537 1016 540 -
1056 485 1057 490 '
1101 504 1166 568 ωε

107 624 225 695 Attalus
238 626 419 711 culcitam,
435 650 512 721 quse
528 627 700 696 resisteret
712 627 850 720 corpori
873 653 881 693 :
902 625 960 694 tali
974 642 1052 696 utor
1065 629 1169 712 etism

108 765 216 828 senex,
237 745 276 812 in
294 768 364 836 qna
382 746 566 839 vestigium
582 767 751 838 apparere
770 767 840 812 non
858 745 976 836 possit.

147 861 225 928 Hac
235 860 357 944 retuli,
374 876 413 930 nt
426 861 608 956 probarem
620 861 683 929 tihi
695 903 705 944 ,
719 884 821 952 quam
836 859 1053 929 vehementes
1066 860 1171 930 habe

108 993 174 1044 rent
183 979 348 1047 tirunculi
365 980 512 1072 impetus
524 979 654 1072 primos
664 976 709 1047 ad
721 978 848 1072 optima
867 999 1032 1069 qumque,
1050 977 1171 1069 siquis

107 1093 334 1163 exhortaretur
352 1093 447 1179 illos,
468 1097 497 1163 si
521 1095 599 1188 quis
615 1092 820 1188 impelleret.
843 1092 911 1162 Sed
928 1092 1060 1184 aliquid
1079 1117 1170 1186 prae·

107 1209 297 1302 cipientium
308 1212 393 1281 vitio
406 1226 568 1305 peccatur
580 1244 594 1294 ,·
603 1212 663 1303 qui
674 1235 737 1279 nos
752 1210 875 1281 docent
886 1209 1080 1301 disputare,
1098 1227 1171 1276 non

107 1327 230 1414 sivere3
250 1325 385 1419 aliquid
402 1325 623 1409 discentium,
645 1328 706 1418 qui
723 1325 934 1419 propositum
956 1323 1107 1402 afferunt
1127 1324 1173 1392 ad

106 1457 322 1536 preceptores
335 1467 435 1526 suos,
449 1467 521 1511 non
532 1444 681 1511 animum
695 1437 872 1511 excolendi
885 1489 895 1522 ,
907 1438 968 1508 sed
977 1440 1167 1532 ingenium.

106 1558 236 1652 Itaque,
256 1583 333 1652 qum
345 1558 560 1649 Philosophia
572 1558 659 1640 tuit,
681 1557 768 1625 facta
780 1555 987 1647 ΡΙιίΙοῖοςίαι
1006 1571 1066 1624 est.
1081 1555 1172 1623 Mul·
1199 1573 1232 1636 24

105 1689 168 1742 tum
180 1691 295 1744 autem
311 1674 356 1742 sd
378 1698 450 1743 rem
468 1675 636 1768 pertinet,
663 1696 733 1764 quo
747 1659 920 1766 proposito
938 1673 984 1741 ad
1001 1697 1172 1765 quamque

106 1797 194 1858 rem'
218 1791 375 1860 accedas.
402 1791 499 1884 Qui,
526 1790 775 1860 Grammaticus
802 1788 958 1874 futurus,
989 1787 1172 1880 Virgilium

106 1923 287 1993 scrutatur,
307 1931 376 1974 non
392 1906 459 1974 hoc
475 1907 589 1974 animo
605 1905 689 1998 legit
705 1903 794 1974 illud
811 1899 1010 1999 egregium,

264 2085 391 2102 ........
403 2049 483 2122 Fugit
492 2037 656 2122 irreparabile
666 2061 764 2122 tempus
774 2036 802 2103 l:

105 2171 307 2264 vigilandum
320 2185 372 2238 est
383 2169 473 2238 lnisi
484 2192 728 2264 properamus,
741 2172 978 2263 relinquemur
989 2202 999 2261 3
1010 2174 1083 2266 agit
1095 2197 1169 2259 uos,

104 2290 282 2382 agiturque
294 2287 394 2356 velox
411 2286 506 2374 dies3
526 2288 627 2354 inscii
644 2287 798 2381 rapimur
812 2317 822 2376 3
841 2291 953 2358 omnia
968 2292 1004 2356 in
1021 2291 1172 2360 futurum
1212 2315 1214 2318 ·

106 2401 327 2497 disponimus,
344 2403 680 2496 etinterproecipitia
690 2401 774 2470 lenti
789 2427 904 2471 sumus
917 2429 924 2470 :
937 2402 998 2471 sed
1007 2420 1045 2471 ut
1055 2405 1174 2473 obser-
1200 2433 1231 2488 ,5

104 2534 174 2603 ret,
194 2521 330 2613 quoties
341 2518 510 2612 Virgilius
529 2517 572 2586 de
587 2518 760 2586 celeritate
776 2533 968 2611 temporum
982 2518 1082 2606 dicit,
1107 2521 1173 2589 hoc

104 2635 149 2702 uti
166 2635 272 2704 verbo
289 2633 387 2703 illum
402 2685 412 2718 ,
425 2635 532 2726 fitgr‘t.
584 2687 601 2707 ,,

262 2775 365 2849 Optime
377 2791 484 2847 quteque
498 2776 551 2828 dies
562 2772 661 2828 miseris
671 2775 821 2830 mortalibus
832 2777 881 2830 srvi

262 2861 351 2914 Prima
360 2861 427 2934 fugit
437 2859 564 2914 tsubennt
574 2859 656 2913 morbi
666 2900 674 2927 ‚
687 2860 814 2932 tristisque
825 2875 939 2916 senentes
950 2896 957 2926 ,

263 2948 299 2999 Et
311 2946 395 3011 tahon
407 2959 433 3000 et
443 2947 514 3001 dura·
526 2946 592 3017 rapit
602 2945 766 3000 inclementis
776 2948 867 3001 mortis
872 2950 892 2999 ⁴.

102 3067 181 3154 llle,
201 3069 261 3160 qui
273 3065 319 3135 ad
336 3067 591 3160 Philosophiam
601 3081 748 3159 spectat,
765 3067 839 3136 hoec
857 3066 975 3137 eadem
993 3119 1002 3152 ,
1023 3094 1092 3163 quo
1109 3071 1172 3142 de-

101 3182 177 3269 bet,
205 3177 379 3254 adducit⁵.
406 3185 587 3276 Nunquam
614 3184 798 3279 Virgilius,
829 3187 967 3278 lnquit,
992 3189 1063 3255 dies
1089 3187 1172 3259 dicit

101 3301 157 3379 ire,
172 3299 234 3368 scd
238 3301 378 3398 fingere,
389 3299 482 3391 quod
495 3298 656 3367 currendi
673 3324 781 3392 genus
792 3303 1090 3374 concitatissimum
1100 3323 1169 3392 est,

105 3443 120 3480 s
136 3432 171 3485 et
184 3411 329 3512 optimos
343 3421 497 3509 quosque
511 3417 640 3508 primos
653 3419 729 3510 rapi
743 3443 760 3480 s
782 3444 790 3484 ε
808 3415 892 3509 quid
905 3443 988 3514 ergo
1003 3445 1171 3492 cessamus

134 3633 434 3705 emmelde&
443 3633 610 3687 Eratosthene
660 3634 747 3689 tritico
755 3634 906 3690 intellexisse
914 3640 1171 3712 petete§3o,3t.ll.

102 3711 242 3775 (nomano
252 3723 312 3766 ente
325 3711 420 3765 Christ.
435 3710 610 3778 Alexandria)
694 3732 717 3764 a.
730 3715 780 3766 Ad
793 3735 926 3785 quomque
942 3735 1004 3770 rem.
1018 3718 1063 3774 Sic
1084 3721 1172 3776 δώῃ.

101 3790 211 3843 stadium
220 3790 353 3864 multiplex
363 3791 484 3861 verisque
496 3791 611 3843 docmina
658 3790 744 3863 Vulgo
756 3794 886 3862 adquam
899 3813 962 3848 rem.

103 3881 195 3936 poeta,
215 3868 390 3939 grammatici,
412 3867 508 3934 critici,
526 3866 611 3922 hirto-
691 3868 716 3920 3.
732 3867 852 3938 Tempus.
865 3871 958 3924 Versus
971 3873 1062 3948 Virgil.
1074 3888 1112 3929 est
1123 3876 1170 3930 Ge.

102 3944 146 3998 riti
158 3984 166 4011 ,
180 3960 227 4000 ete.
242 3947 359 4001 denotari
375 3945 451 4020 ecepit
469 3945 517 3999 hee
528 3967 609 4015 voce,
659 3946 715 4012 Ill,
731 3947 787 4012 284.
799 3946 890 3999 nott.

102 4023 237 4093 Atn'neque
249 4025 437 4079 Grammaticus
449 4025 540 4077 Romen
552 4024 610 4097 pri·
690 4025 715 4090 4.
732 4026 875 4092 Optima...
890 4032 991 4096 mortis.
1004 4029 1097 4086 Versus
1112 4046 1172 4087 sunt

101 4119 157 4152 rnns
165 4101 238 4166 ,haue
250 4102 446 4174 appellationem
459 4101 609 4173 assumpsit;
659 4103 778 4177 Virgilii,
789 4103 885 4176 Georg.
897 4106 934 4157 lll
941 4143 949 4171 ,
962 4105 995 4160 65
1007 4128 1044 4179 sq.

101 4195 201 4236 sudore
217 4183 339 4236 Suetonio
361 4182 394 4235 de
412 4182 501 4236 illustr.
511 4182 610 4235 Gram·
691 4188 714 4238 5.
727 4183 906 4240 Adducis-Sic
918 4205 944 4237 a.
962 4207 981 4240 c·
1002 4187 1037 4240 R.
1050 4191 1086 4241 A.
1097 4189 1127 4242 S.
1137 4217 1172 4235 ι-

102 4261 186 4313 testie.
203 4283 224 4316 e·
238 4259 275 4317 ro.
288 4263 413 4317 Senecam
425 4263 490 4317 lasne
503 4283 558 4316 voe.
578 4262 610 4314 de
659 4263 748 4335 Vulgo
761 4263 945 4335 abducitqnod
959 4266 1053 4338 optime
1063 4267 1171 4341 intellig.

223 4361 282 4428 IV.
313 4399 316 4403 ²
1006 4363 1046 4430 15
