2950 4934
295 441 537 512 Pnrsloo.
562 438 817 562 STOICQR.
843 442 940 511 LIB.
965 444 996 514 1.
1120 450 1185 518 513

109 584 164 645 Fst
175 612 189 639 ι
198 584 335 646 marrolis
344 584 526 666 compositio:
536 609 550 636 ιι
563 603 668 666 nempe
678 584 765 669 reims
774 585 859 645 insita
870 607 886 644 a
897 585 1049 648 Communi
1059 592 1188 671 etprima

109 692 293 766 illaNnmra,
305 691 337 751 id
345 704 389 752 cst
397 734 407 764 ,
416 689 479 750 Deo
491 690 632 773 3ideoqne
640 689 838 763 erraneam,
853 691 954 754 Fatum
965 696 1121 778 appellant.
1131 698 1189 760 Sed

107 799 179 880 qnia
191 796 310 880 (nostro
322 795 490 880 intellectu)
502 795 625 858 Robore
643 797 768 880 quedm
791 811 821 859 et
839 798 1011 864 discretione
1032 802 1112 865 Deus
1133 806 1187 867 hoc

105 903 194 979 facit,
211 918 240 964 et
255 905 400 987 applicat,
415 903 572 986 plurimum
596 903 749 966 Rumonem
772 905 836 986 (uti
852 907 945 988 ipsam
960 909 1189 996 Pmrvenaom)

103 1011 217 1071 dicunt.
239 1009 282 1071 Ut
293 1033 384 1092 quum
399 1009 542 1070 definiunt
553 1007 567 1092 (
577 1009 672 1072 Lacu.
695 1013 726 1070 in
748 1011 844 1094 Zeu.)
867 1040 881 1067 ι
895 1014 1018 1090 Fanum,
1036 1017 1186 1082 Rationem

106 1115 266 1178 secundum
291 1139 378 1199 quam
399 1117 525 1178 mundus
541 1117 765 1180 administratur.
784 1147 797 1173 ιι
822 1119 954 1204 Itemque
979 1123 1110 1186 diffusius
1131 1127 1188 1211 (In

106 1222 188 1282 Stob.
209 1219 350 1304 Physic.)
372 1245 381 1282 c
404 1249 418 1276 ι
431 1223 602 1307 Ratipnem,
620 1246 673 1305 per
683 1247 770 1307 quam
786 1226 880 1300 iacta,
899 1237 966 1289 sunt
982 1227 1077 1303 sacta3
1095 1233 1187 1309 fiunt,

105 1350 172 1410 quae
186 1328 276 1398 fiunt;
288 1317 361 1388 dent
371 1372 380 1403 ,
392 1349 456 1409 quae
466 1329 546 1388 iient.
559 1355 573 1382 ιι
587 1327 627 1387 Et
637 1329 831 1390 discernentes
844 1331 949 1393 deinde
960 1355 977 1392 a
990 1333 1187 1420 Providentia,

108 1462 124 1488 ιι
139 1435 289 1496 Rationem
306 1457 406 1495 eorum
422 1457 485 1517 qua
508 1437 539 1495 in
564 1437 678 1497 Mundo
701 1437 884 1500 Providentia
909 1441 1153 1506 administrantur.
1172 1473 1185 1500 ιι
1215 1483 1226 1496 .

105 1543 287 1602 Anteriorem
302 1560 417 1602 causam
436 1541 484 1602 hic
504 1541 603 1618 vides,
625 1557 654 1603 et
666 1545 750 1604 istam
773 1566 809 1604 ex
831 1566 864 1605 ea
882 1560 998 1621 natum,
1021 1562 1070 1609 aut
1083 1551 1188 1612 subse-

104 1660 254 1729 quentem.
267 1645 328 1708 Sed
342 1647 457 1708 additur
470 1648 501 1707 in
516 1646 671 1709 Stobaeanis
690 1673 699 1708 t
719 1677 734 1703 ι
746 1650 840 1711 Mutat
852 1653 967 1713 interim
982 1653 1187 1740 (Chrysippus)

104 1761 137 1815 et
156 1776 210 1835 pro
224 1756 334 1816 ratione
348 1755 484 1837 supponit
497 1755 671 1830 Veritatem,
686 1755 824 1833 Causam,
850 1758 1005 1838 Naturam,
1024 1763 1188 1830 Necessita-

103 1875 175 1920 tem.
189 1887 204 1914 ιι
221 1861 262 1921 Ut
279 1862 316 1921 sit
333 1851 435 1921 Fatum
454 1882 561 1942 nempe
583 1859 613 1920 V
610 1863 713 1932 enias,
730 1851 843 1933 Coissa,
862 1862 1002 1936 Nouam,
1022 1851 1196 1931 Necessitas¹

102 1989 205 2028 eorum
214 1985 282 2050 quse
295 1969 338 2028 sic
350 1969 435 2029 fiunt.
446 1966 634 2049 Sequebatur,
650 1969 689 2027 ab
700 1978 814 2029 oetemm
828 1968 888 2041 Ita;
900 1993 968 2031 nam
981 1949 1011 2032 in
1021 1973 1077 2034 Dei
1089 1981 1194 2038 mente

101 2072 165 2133 hare
175 2075 349 2149 constitutio,
365 2086 395 2134 et
408 2095 474 2134 cum
487 2071 605 2134 AEterno
613 2075 662 2133 dlo
672 2087 787 2135 aterna.
801 2073 847 2136 Dc
857 2079 1069 2158 complicatione
1077 2081 1185 2142 rinmu-

99 2181 190 2241 morta·
201 2181 317 2241 additur
329 2204 339 2240 a
351 2179 430 2262 quod
443 2179 480 2240 ad
496 2179 627 2241 ordinem
642 2183 803 2264 seriemque
815 2205 964 2245 causamm
986 2184 1062 2247 facit.
1089 2189 1183 2250 Prima

100 2289 153 2348 ilia
166 2309 253 2348 causa
264 2286 369 2369 (Dens)
383 2288 452 2347 alias
469 2299 555 2369 atque
568 2289 638 2348 olias
651 2290 792 2364 subserit,
809 2292 883 2351 miro
901 2303 930 2352 et
946 2295 1183 2376 incomprehenso

100 2397 188 2456 nobis
203 2415 281 2457 nexu
301 2420 310 2456 ε
331 2397 391 2470 sic,
408 2404 441 2455 ut
456 2414 521 2476 'quae
544 2395 615 2456 Fato
635 2400 773 2458 eveniunt
787 2402 903 2460 evenire
923 2421 977 2483 pcr
998 2403 1135 2464 Naturam
1154 2417 1183 2464 et

99 2505 255 2564 Rationem
275 2504 436 2564 videantur.
457 2502 527 2562 flac
542 2516 586 2563 est
604 2503 653 2562 illa
668 2504 814 2585 Sapientia
828 2508 1019 2568 inscrutabilis
1033 2533 1044 2578 ¹=
1065 2536 1078 2564 ιι
1091 2533 1108 2571 a
1124 2533 1181 2593 qua

87 2625 147 2696 ‘est
161 2613 256 2672 omum
268 2612 385 2686 modus,
403 2612 495 2671 omnis
510 2612 636 2692 species,
651 2612 745 2670 omnis
759 2611 847 2685 ordo,
861 2632 1013 2689 mensura,
1026 2639 1180 2695 numerus,

98 2716 217 2800 pondus
233 2737 241 2776 ε
258 2735 346 2798 aqua
359 2729 419 2790 est,
434 2715 578 2798 quidquid
591 2717 758 2778 nattualiter
773 2731 833 2792 est,
849 2719 1054 2803 cujuscumque
1067 2727 1181 2805 generis

97 2831 165 2898 cst,
184 2821 389 2905 cuiuscumque
404 2825 596 2884 estimationis
610 2837 674 2883 estc
691 2846 779 2906 aqua
797 2837 866 2885 sunt
879 2827 988 2886 semina
1002 2827 1178 2904 ionnarum,

95 2933 199 2994 iormae
207 2933 349 2992 seminum
360 2944 473 3006 ,motus
483 2933 626 2991 seminum
639 2945 726 3014 atque
735 2932 922 2994 formarum.»
933 2932 1067 3019 (August.
1080 2937 1119 3012 V,
1132 2938 1178 3000 De

97 3039 188 3100 civit.
205 3061 270 3120 cap.
290 3036 351 3119 ιι.)
370 3037 447 3113 Quid
464 3055 537 3119 opos
557 3037 759 3120 perissologia?
776 3059 793 3098 a
808 3062 865 3121 qua
880 3051 937 3114 est,
953 3041 1095 3125 quidquid
1112 3058 1176 3105 est:

97 3146 253 3208 Peccatum
267 3157 362 3204 autem
376 3146 413 3204 ab
426 3165 460 3204 ea
474 3165 531 3204 non
547 3157 606 3218 est,
622 3145 691 3226 quia
704 3165 758 3205 nec
772 3157 824 3204 est.
841 3145 961 3230 Pelagus
977 3147 1050 3224 hoc,
1064 3151 1103 3210 mi
1117 3152 1178 3212 Au-

95 3256 188 3328 ditor,
204 3255 294 3314 immo
306 3254 443 3335 abyssus,
460 3255 547 3313 immo
560 3253 665 3328 chaos,
679 3254 708 3313 si
723 3254 882 3336 ingrederis
898 3278 907 3315 ε
923 3259 1005 3316 etsie
1019 3278 1050 3317 sc
1072 3257 1177 3319 habere

95 3362 212 3443 potius,
228 3379 315 3442 qnam
329 3359 472 3441 quomodo
486 3358 600 3433 habeat,
611 3361 727 3420 scimm.
740 3358 794 3420 Est
803 3362 889 3444 igitur
900 3364 1174 3436 senerotcormeorim

94 3483 187 3550 atque
199 3488 234 3527 ea
247 3453 450 3540 immutabilis,
463 3467 531 3547 quia
544 3467 582 3526 ab
595 3467 766 3528 immutabili
783 3469 845 3528 Deo
859 3491 867 3526 ι
884 3469 1006 3552 ideoque
1021 3483 1050 3532 et
1064 3469 1178 3534 Ncees-

91 3577 169 3638 otas
183 3572 306 3636 cohaeret
319 3595 328 3644 ;
340 3591 403 3656 quae
416 3593 496 3633 soror
511 3586 570 3646 est,
586 3585 619 3632 ut
633 3574 674 3633 sic
691 3573 804 3648 dicam,
819 3588 848 3636 et
864 3577 986 3660 gemella
999 3575 1072 3636 Fati.
1090 3579 1177 3638 Tris-

92 3681 236 3763 megistm
248 3676 314 3761 (Ad
326 3677 515 3760 Ammonem)
529 3703 538 3740 c
555 3707 569 3733 ι
582 3679 687 3741 Omnia
699 3681 807 3742 Natura
818 3695 848 3743 et
860 3682 930 3744 Fato
944 3685 1035 3758 fiunt,
1057 3707 1110 3745 nec
1132 3699 1176 3745 est

91 3787 192 3847 Locus
204 3806 312 3846 vacuus
325 3807 342 3845 a
356 3783 549 3846 Providentia.
562 3786 616 3849 Est
631 3800 726 3848 autem
742 3787 941 3862 Providentia,
958 3791 987 3848 in
1003 3811 1033 3850 se
1048 3791 1175 3872 perfecta

91 3894 184 3955 Ratio
197 3893 314 3953 caelestis
335 3890 411 3965 Dei,
427 3894 474 3952 cui
488 3893 551 3953 due
568 3907 635 3954 sunt
650 3907 775 3977 cognatae
793 3895 958 3969 facultates,
975 3895 1133 3956 Necessitas
1148 3910 1176 3958 et

91 4001 212 4061 Fatum.
223 4025 238 4053 ιι
255 3997 377 4060 Pulchre
390 4000 558 4084 distinguit,
574 4013 603 4061 et
615 4001 667 4062 has
682 4025 719 4062 ex
732 4003 782 4062 illo
795 4003 921 4063 deducit.
936 4003 1013 4079 Quid
1027 4004 1114 4085 ergo?
1128 4007 1176 4063 in-

90 4111 212 4190 quiunt.
231 4107 396 4170 Necessario
411 4110 471 4170 lieo
493 4112 534 4171 sio
554 4111 648 4171 finnt?
669 4123 698 4170 ct
719 4133 773 4171 neo
789 4111 868 4170 Deus
885 4112 997 4172 mutat?
1010 4133 1063 4172 nec
1081 4110 1170 4173 Deus.

90 4219 191 4297 Asper
210 4217 293 4276 initio
308 4239 419 4294 sermo,
441 4219 493 4280 sed
516 4221 714 4292 examinatus,
731 4217 889 4280 Stoicorum
907 4220 991 4280 etiam
1008 4241 1076 4279 vero
1090 4241 1175 4281 sensu

244 4328 303 4395 lv.
423 4333 427 4345 “
967 4327 1012 4396 33
