2950 4934
345 501 407 586 ¹⁵4
634 497 675 567 u.
704 495 883 568 inunt
905 483 1126 572 sunnon

338 631 474 724 surgas'
503 654 511 694 :
535 651 604 696 non
628 642 695 696 tam
717 628 804 696 male
825 627 870 698 de
893 644 926 697 te
947 629 1091 723 judico,
1110 647 1150 700 ut
1164 631 1229 700 tibi
1248 631 1407 702 adversus

275 827 278 834 Ι
339 747 427 814 hoo'
449 760 552 813 totam
569 761 686 838 putem
704 746 865 813 virtutem
884 744 1130 816 advocandam.
1150 751 1226 816 Non
1244 763 1297 816 est
1315 748 1407 818 dolor

337 863 421 948 iste,
451 861 512 930 sed
530 883 688 929 morsus:
716 875 754 928 tu
776 860 873 930 illum
897 861 1051 932 dolorem
1073 864 1171 934 lueis.
1197 866 1281 934 Sine
1300 865 1405 934 dubio

339 978 481 1046 multum
496 976 716 1071 Philosophia
734 976 899 1068 profecit,
919 980 948 1046 si
965 1003 1135 1070 puerum,
1157 981 1285 1048 nutrici
1298 981 1408 1050 adhue

340 1117 442 1186 quam
458 1096 548 1188 patri
565 1095 750 1175 notiorem,
769 1094 883 1161 auimo
902 1093 981 1162 lorti
999 1091 1194 1164 desideras!

283 1221 311 1286 ¹4
392 1211 540 1305 »Quidi'
557 1235 650 1280 nunc
665 1233 751 1304 ergo
766 1209 927 1280 duritiam
942 1211 1086 1295 woden,
1106 1229 1143 1280 et
1154 1214 1192 1281 in
1204 1211 1326 1282 funere
1339 1214 1408 1308 ipso

337 1326 452 1419 rigere
469 1325 600 1394 vultum
617 1323 714 1408 volo,
735 1339 771 1393 ot
786 1324 936 1392 animum
954 1349 999 1393 ne
1019 1325 1176 1394 contrahi
1190 1327 1332 1419 quidem
1348 1353 1409 1421 pa·

337 1445 434 1512 tior?
450 1437 610 1511 Minime!
633 1441 869 1510 Inhumanitas
884 1458 936 1511 est
954 1444 1039 1530 ista,
1059 1467 1128 1513 non
1143 1446 1274 1526 virtus,
1293 1445 1410 1514 lunera

340 1583 479 1660 suornm
498 1558 620 1629 iisdem
639 1559 767 1643 oculis,
787 1559 913 1652 quibus
938 1563 1051 1654 ipsos,
1072 1562 1211 1646 videre,
1232 1587 1298 1632 nec
1320 1588 1412 1632 com-

338 1679 468 1746 moveri
481 1676 526 1746 ad
537 1678 682 1771 primam
696 1677 915 1745 familiarium
928 1670 1188 1747 divulsionem³.
1202 1681 1287 1747 Puta
1300 1694 1411 1746 autem

336 1817 391 1862 me
407 1809 545 1882 vetare3
566 1793 721 1886 quaedam
739 1810 819 1862 sum
834 1796 887 1863 sui
902 1788 1011 1887 juris⁴
1029 1823 1038 1864 t
1055 1795 1217 1864 excidunt
1231 1797 1333 1864 etiam
1352 1820 1411 1863 re·

337 1913 524 1984 tinentibns
543 1911 715 1996 lacrimae,
741 1928 776 1980 et
797 1914 947 1981 animum
972 1912 1122 2006 profusas
1144 1907 1292 1981 levant⁵.
1315 1912 1412 2005 Quid

337 2053 420 2123 ergo
438 2031 516 2098 esti’
538 2023 802 2098 Permittamus⁶
822 2029 891 2097 illis
908 2027 1054 2113 cadere,
1082 2053 1151 2097 uon
1178 2031 1409 2122 imperemus:

336 2149 421 2216 fluat
447 2151 630 2239 quantum⁷
660 2147 804 2215 allectus
830 2147 989 2240 ejecerit,
1018 2171 1087 2216 non
1107 2158 1274 2240 quantum
1295 2164 1413 2240 posca

280 2273 309 2323 ¹5
335 2264 493 2331 imitatio.
525 2241 622 2331 Nihil
650 2287 733 2332 vero
761 2264 898 2331 moerori
924 2262 1146 2357 adjiciamus,
1171 2263 1351 2332 nec-illum
1368 2261 1413 2329 ad

337 2378 486 2447 alienum
500 2401 683 2472 augeamus
698 2377 899 2471 exemplum.
917 2378 997 2446 Plus
1009 2379 1189 2447 ostentatio
1201 2375 1330 2445 doloris
1343 2379 1414 2445 exi·

336 2495 402 2587 git,
422 2519 523 2588 quam
538 2495 637 2564 dolor
652 2523 659 2562 ι
676 2495 945 2590 quotusquisque
958 2493 1023 2562 sihi
1038 2495 1147 2562 tristis
1158 2509 1211 2561 est
1222 2495 1238 2561 i
1250 2493 1388 2561 Clarius
1401 2544 1411 2576 ,

336 2633 442 2702 quum
454 2609 654 2696 audiuntur,
672 2601 858 2702 gemunt⁸3
875 2623 930 2691 et,
950 2608 1045 2678 tao'iti
1064 2609 1242 2700 quietique
1256 2607 1341 2674 dum
1358 2630 1414 2674 se-

336 2744 467 2836 cretum
486 2743 557 2808 est,
579 2751 683 2819 quum
700 2725 834 2818 aliquos
847 2725 1004 2808 videret,
1024 2727 1062 2792 in
1080 2725 1181 2793 fletus
1196 2747 1303 2793 novos
1320 2727 1415 2792 exei-

372 2943 394 2974 1.
406 2920 517 2994 Suram.
531 2921 575 2974 stc
585 2942 612 2973 a.
626 2941 648 2974 c.
658 2922 696 2974 A.
713 2920 768 2974 Pal.
782 2939 812 2986 a,
825 2921 850 2985 4'·
899 2920 970 2974 enim
983 2919 1057 2974 multi
1069 2933 1144 2989 suut,
1154 2923 1200 2992 qui
1211 2919 1347 2984 lacrimas,
1360 2920 1414 2972 suis

336 3000 393 3053 Col.
405 3001 425 3051 l.
440 3019 462 3051 a.
475 3011 500 3050 te
514 2997 614 3070 erigas,
629 2999 708 3050 tollas
722 3001 846 3061 animun
898 2996 1415 3068 omlisnolentibus,e1ieiunt,utingen-

336 3089 364 3130 ut
378 3076 413 3129 ait
421 3076 496 3129 inira.
508 3075 594 3148 Vulgo
606 3093 709 3142 urgeas.
723 3071 803 3126 Sclw.
898 3087 948 3128 tem
962 3076 1078 3129 dolorem
1090 3075 1224 3142 aimulsut3
1236 3076 1364 3146 imperant
1376 3074 1417 3126 la-

369 3177 393 3210 2.
406 3159 540 3209 Adversus
551 3157 604 3208 hoc.
617 3155 661 3206 Sic
675 3175 702 3206 a.
719 3173 739 3208 c.
756 3153 791 3205 li.
811 3155 847 3208 A.
896 3153 995 3214 mimis,
1008 3166 1038 3206 nt
1047 3153 1148 3207 radant.

336 3255 389 3289 nou
400 3237 463 3288 adv.
471 3235 532 3288 ltoec.
543 3233 623 3288 Scato.
931 3250 953 3298 7.
962 3229 1048 3282 th
1057 3241 1195 3300 quantum
1204 3230 1305 3282 Dedere
1312 3250 1341 3282 a.
1348 3232 1416 3284 ad.

371 3312 599 3367 avinnionem.
617 3313 659 3367 Sic
679 3333 707 3366 a.
723 3333 746 3368 c.
760 3313 796 3366 lt.
810 3313 847 3366 A.
895 3317 924 3358 nt
944 3307 1059 3360 soluerat
1073 3308 1208 3375 Matthia
1222 3313 1376 3380 nonfluant
1388 3322 1417 3361 ut

336 3411 390 3444 non
410 3393 562 3445 diuisionem
579 3405 607 3446 ut
620 3393 718 3444 Eram
737 3403 762 3444 et
780 3409 847 3443 unus
896 3387 986 3460 vulgo.
1001 3388 1084 3443 Scae

337 3471 417 3523 Palat.
430 3469 511 3522 Schts.
929 3469 953 3520 8.
967 3467 1085 3534 Clarius,
1098 3488 1181 3539 quum
1193 3470 1351 3534 audiuntur,
1363 3489 1419 3537 ge-

368 3545 600 3618 4.Quoedumsunt
608 3549 735 3616 sulphuris,
745 3565 773 3598 a.
781 3564 804 3599 c·
811 3545 846 3596 Il.
895 3555 980 3596 munt.
988 3546 1025 3598 Ut
1033 3545 1145 3599 Gelliam
1152 3548 1234 3600 [acere
1241 3547 1278 3600 ait
1284 3548 1418 3600 Martialis

336 3626 546 3699 A.ubiimpsrite
561 3646 612 3678 non
623 3625 775 3678 inhalassent
785 3624 849 3676 vul-
896 3623 986 3696 Epigr.
997 3625 1028 3688 l,
1045 3625 1260 3689 ddznrlmissnm
1277 3645 1332 3679 non
1351 3625 1418 3687 ilat,

336 3727 378 3778 go.
398 3706 570 3760 Sabou-lut.
584 3706 652 3757 Sunt
667 3703 747 3756 libera
764 3720 770 3753 τ
787 3701 844 3754 im·
896 3721 976 3773 quum
995 3701 1123 3765 salutat,
1143 3703 1229 3756 Gellia
1252 3705 1418 3776 patrem:Si

334 3783 406 3856 perio
418 3782 502 3835 aliano
513 3803 567 3836 non
576 3793 690 3854 agantur
701 3799 707 3833 ε
720 3801 746 3833 aa
756 3793 848 3834 osten·
898 3780 1037 3850 qnisadest,
1046 3781 1121 3852 iussa
1129 3781 1419 3851 prosiliuntlatrimae·²·

337 3863 401 3912 dunt
412 3861 594 3932 nobismetipsis
606 3860 761 3913 nolentibus.
897 3859 995 3912 Verum
1008 3872 1092 3911 autam
1106 3872 1154 3925 est,
1173 3859 1242 3927 quod
1263 3859 1420 3932 subjicitur:

335 3955 337 3960 ·
370 3941 394 3991 5.
406 3939 534 3992 Animum
542 3939 657 4007 prosusoe
666 3942 762 3991 laumst.
775 3939 849 4010 Apud
899 3960 913 3985 a
922 3938 969 3992 ille
980 3939 1053 3992 dolat
1065 3958 1141 4004 vers,
1157 3939 1202 4009 qui
1217 3938 1274 3993 ains
1288 3952 1350 3992 teste
1365 3940 1421 3992 do-

338 4017 461 4070 Sansmm
471 4019 599 4088 patronii
607 4017 727 4070 Contror.
737 4035 783 4069 ιιι(
792 4017 847 4068 Pla·
898 4018 939 4070 lst
954 4039 968 4064 s
980 4017 1071 4070 Ruta.

336 4119 443 4172 rumque
454 4101 539 4154 omnis
547 4101 620 4154 dolor
630 4119 675 4174 per
684 4099 800 4152 lacrimas
808 4102 851 4152 ese
929 4095 1051 4166 9.Quum
1057 4099 1162 4167 alr'quos
1170 4099 1268 4153 videre·
1276 4097 1323 4150 Sic
1330 4117 1380 4148 uss.
1388 4117 1420 4146 α.

337 4179 400 4235 iluit.
414 4198 428 4225 o
440 4180 515 4248 Lips.
904 4177 1034 4228 Viderunt
1043 4175 1083 4228 ed.
1097 4175 1134 4228 R.
1144 4178 1280 4249 Psrpcram
1295 4178 1421 4230 viderint

369 4260 393 4312 o.
407 4260 621 4312 Permittamus...
632 4261 796 4324 impetamus.
806 4257 847 4309 Et·
898 4256 984 4330 sulgo-
996 4255 1076 4310 Schts.
