2950 4934
267 386 337 453 6η
634 378 655 445 J
666 372 795 448 Us‘rl
821 364 982 445 LlPSll

270 526 345 610 perii
362 526 462 609 signis.
486 521 524 583 Et
546 534 631 606 auget
645 522 882 596 admirationem,
900 520 980 603 quod
995 518 1073 579 nulla
1096 521 1125 579 in
1146 522 1183 580 iis
1203 522 1273 581 locis
1287 521 1346 581 stis
1365 508 1371 519 ¹

270 636 387 717 biceps,
398 654 486 715 quum
501 631 649 713 potuerint
658 628 839 689 adumbrare.
852 627 916 687 Non
927 628 1077 703 dissimile,
1088 627 1167 709 quod
1181 629 1346 688 Ammianus

269 753 351 801 notat
364 737 434 820 (lib.
457 736 552 819 17)in
570 736 702 795 obeliscis
720 734 920 817 AEgyptiorum
943 760 957 789 ι
970 734 1080 816 sculpta
1099 736 1245 816 conspici,
1260 734 1348 794 voln-

270 869 352 907 erum
361 846 560 925 ferarumque,
576 844 662 903 etiam
676 842 763 901 alieni
777 840 898 915 mundi,
916 860 1019 924 genera
1031 842 1130 902 multa.
1143 868 1158 894 a
1171 842 1274 924 Ignota
1286 843 1347 922 ipsa

269 965 300 1012 ct
313 963 411 1011 nostro
423 948 491 1009 hnic
506 948 569 1009 orbi
585 950 687 1007 invisa.
706 946 774 1007 Fuit
785 946 873 1029 igitur
884 948 943 1027 jam
956 946 1024 1006 olim
1039 948 1092 1007 ista
1103 968 1169 1028 pars
1183 947 1303 1019 mundi,
1319 960 1347 1007 ct

269 1058 416 1119 anditione
431 1067 568 1136 accepta,
587 1066 616 1113 et
629 1053 844 1113 ratiocinatione
860 1054 1000 1126 stabilita,
1018 1054 1071 1113 etsi
1086 1053 1264 1134 inspectione
1286 1052 1348 1113 lon-

270 1178 346 1224 tasse
359 1185 417 1223 non
432 1172 580 1243 usurpata.
593 1159 658 1219 lion
670 1158 788 1241 quidem
803 1158 839 1217 ab
853 1156 999 1240 Europaeis
1015 1182 1024 1217 ε
1040 1159 1077 1219 de
1091 1159 1167 1220 Aliis
1178 1161 1305 1242 ambigo,
1321 1174 1349 1219 et

270 1284 398 1331 cntrcma
416 1290 448 1328 eo
469 1267 548 1349 regio
563 1264 620 1325 huc
635 1264 738 1325 tendit.
756 1265 832 1325 Auo.
853 1264 892 1323 At
907 1266 984 1325 enim
1000 1264 1096 1325 dixisti
1120 1287 1156 1325 cx
1178 1267 1347 1339 Ammiano,

272 1376 310 1437 dc
326 1404 341 1430 «ι
353 1374 517 1435 volucribus
533 1384 562 1431 et
575 1370 645 1431 seris
659 1372 747 1431 alieni
760 1369 862 1431 mundi
876 1394 884 1429 t
903 1396 917 1424 s
933 1394 996 1454 quc
1010 1393 1079 1431 vere
1095 1372 1207 1433 diversa
1221 1386 1241 1432 'a
1254 1386 1349 1433 nostro

271 1496 355 1556 sunt,
372 1494 402 1542 et
415 1482 464 1539 vix
481 1500 571 1539 unum
587 1477 705 1559 aliquod
719 1476 849 1559 undique
864 1477 1028 1558 respondet.
1052 1476 1129 1552 Quid
1150 1478 1239 1561 crgo?
1255 1498 1351 1538 nonne

270 1590 317 1650 vel
333 1589 387 1649 hoc
403 1597 602 1669 argumentum
618 1596 661 1644 cst
675 1584 796 1664 alicujus
809 1584 916 1643 diversi
930 1583 1030 1644 mundi
1047 1604 1114 1645 vere
1129 1585 1195 1643 novi
1210 1598 1240 1645 ct
1252 1598 1350 1666 postea

270 1696 351 1758 nati?
367 1694 446 1753 Ltus.
463 1692 528 1753 Non
545 1703 678 1765 autumo,
690 1712 785 1773 neque
800 1712 885 1751 sacrae
899 1691 999 1751 littcrae
1015 1691 1182 1775 indulgeant
1195 1692 1350 1767 dubitare,
1378 1754 1383 1765 ,

270 1817 320 1865 ant
339 1802 496 1884 disputare.
519 1799 615 1861 Semel
634 1798 743 1859 creavit
757 1798 836 1858 Deus
852 1812 881 1859 ct
895 1798 1032 1881 produxit
1051 1811 1173 1873 tenum,
1196 1801 1349 1871 animalia,

269 1923 299 1969 ct
317 1906 461 1991 quidquid
481 1908 511 1965 in
532 1926 565 1965 ea
580 1904 671 1965 vides.
688 1904 832 1965 Mixtione
845 1916 964 1986 possunt
980 1906 1081 1987 aliquas
1096 1904 1225 1987 dispares
1240 1906 1352 1986 species

270 2036 408 2099 surgere,
426 2014 512 2095 plane
527 2034 608 2073 nove
623 2030 682 2071 non
695 2024 826 2093 possunt.
848 2010 934 2071 Unde
955 2032 1023 2095 crgo
1043 2012 1101 2072 illic
1124 2034 1157 2072 ea
1178 2012 1352 2073 diversitas?

269 2122 344 2195 Dic,
359 2120 438 2181 unde
454 2120 485 2179 in
500 2116 620 2177 Africa?
636 2116 715 2179 unde
730 2120 761 2177 in
777 2117 878 2177 ultima
897 2116 985 2177 Asia?
1002 2138 1096 2198 neque
1110 2118 1225 2192 leonas,
1244 2120 1349 2215 tigres,

271 2226 437 2309 elephantes
453 2222 569 2305 Europa
584 2225 637 2285 ista
653 2226 762 2308 giguit,
778 2236 827 2283 aut
846 2224 932 2307 vulgo
947 2223 1007 2285 alit.
1027 2224 1138 2307 Cuique
1151 2226 1282 2306 regioni,
1299 2246 1351 2305 pro

270 2333 338 2393 calo
352 2343 439 2411 atque
450 2330 537 2389 ctiam
547 2331 608 2389 solo
623 2343 652 2389 ct
665 2329 805 2411 peculiari
819 2329 931 2403 indole,
946 2351 996 2389 sua
1010 2330 1140 2411 quiedam
1153 2330 1232 2389 Deus
1242 2332 1302 2409 jam
1314 2331 1350 2389 ab

271 2441 354 2500 initio
373 2438 454 2500 dedit
475 2450 505 2497 ct
525 2438 688 2521 assignavit.
706 2436 801 2517 Major
815 2438 870 2497 nlla
885 2438 1024 2499 dubitatio
1032 2462 1044 2517 ;¹
1058 2437 1135 2498 unde
1154 2440 1185 2498 in
1206 2436 1267 2497 haee
1288 2439 1350 2497 loca

272 2547 314 2606 sic
327 2545 443 2619 dissita,
458 2556 525 2625 post
538 2544 677 2605 diluvium
689 2554 718 2601 ct
733 2564 826 2601 arcam
839 2544 916 2603 illam
928 2543 1034 2604 Noaclsi
1047 2587 1055 2616 ,
1071 2544 1117 2605 vel
1129 2544 1263 2603 animalia
1278 2588 1287 2615 ,
1304 2545 1350 2603 vel

272 2654 329 2735 ipsi
343 2650 473 2711 homines
487 2646 674 2711 advenerint?
686 2648 716 2709 si
731 2661 808 2709 terra
822 2649 917 2722 ‹lices;
933 2649 1016 2711 lucile
1026 2650 1057 2710 id
1070 2650 1207 2731 quideme
1224 2651 1277 2711 sed
1287 2651 1353 2733 ple·

274 2761 357 2839 rique
370 2754 588 2839 putant(ueque
598 2775 645 2815 res
659 2752 753 2814 adhuc
763 2754 844 2815 aliter
860 2756 968 2839 docuit)
978 2757 1077 2818 orbem
1086 2756 1166 2817 illum
1177 2780 1244 2817 cnm
1254 2771 1351 2817 nostro

274 2883 417 2943 nusquam
430 2859 469 2919 ad
480 2858 704 2941 Septentriones
713 2859 806 2941 jungi.
820 2858 955 2942 Superest
965 2872 997 2921 ut
1011 2862 1093 2921 mari.
1115 2860 1153 2921 At
1167 2884 1255 2943 quam
1271 2876 1351 2922 vasta

275 2991 310 3030 ca
321 2968 465 3051 navigatio
478 2966 540 3025 est?
552 2966 654 3046 etquis
667 2965 736 3024 olim
750 2967 882 3041 tentarit,
899 2978 948 3027 aut
962 2966 1129 3049 perfecerit,
1144 2990 1199 3029 usu
1210 2974 1352 3053 magnetis

275 3074 405 3137 nondum
418 3070 552 3153 reperto?
567 3072 632 3154 quis
647 3072 735 3131 etiam
750 3073 883 3133 animalia
893 3074 958 3147 illc,
974 3074 1130 3155 etquidem
1140 3076 1227 3135 noxia
1242 3078 1350 3149 multa,
1454 3146 1455 3159 χ

276 3176 725 3243 uansvexcritlssaconsidcratio
734 3178 864 3251 inclinat,
874 3178 1118 3263 immoperviucit,
1128 3182 1350 3245 verel‘latonnn
1454 3172 1455 3175 Ἴ

277 3287 315 3348 de
324 3284 469 3347 Atlantide
480 3284 529 3345 illa
539 3284 701 3365 scripsisse:
711 3296 740 3344 et
751 3284 898 3346 finitimam
909 3284 1028 3369 Europe
1038 3300 1122 3369 atque
1132 3288 1234 3349 Africa
1243 3290 1350 3366 luisse,

279 3406 308 3453 et
321 3390 435 3451 facilem
451 3390 481 3449 in
496 3411 558 3450 eam
571 3403 789 3473 transgressum.
805 3389 925 3451 Dinslsa
942 3406 1057 3475 poste„
1074 3406 1123 3454 aut
1136 3414 1230 3456 mensa
1245 3410 1289 3457 est
1302 3422 1311 3456 ε
1323 3410 1352 3458 et

280 3511 376 3559 umen
385 3496 516 3557 homines
525 3498 586 3571 ibi,
603 3508 653 3557 aut
664 3497 797 3557 animalia
810 3499 937 3581 reliqua,
953 3521 1016 3581 qur,
1031 3500 1099 3561 olim
1113 3500 1149 3560 ab
1172 3522 1206 3561 ea
1226 3506 1353 3584 conjun-

282 3606 378 3665 ctione
398 3604 485 3663 illata.
503 3602 549 3663 Sic
563 3622 684 3675 censeo,
699 3603 778 3665 etad
794 3606 908 3687 proprie
924 3604 1050 3667 Zenonis
1063 3611 1165 3669 itcnsm
1177 3628 1278 3695 pergo.
