<?xml version="1.0" encoding="UTF-8"?>
<!DOCTYPE html PUBLIC "-//W3C//DTD XHTML 1.0 Transitional//EN"
    "http://www.w3.org/TR/xhtml1/DTD/xhtml1-transitional.dtd">
<html xmlns="http://www.w3.org/1999/xhtml" xml:lang="en" lang="en">
 <head>
  <title>
</title>
<meta http-equiv="Content-Type" content="text/html;charset=utf-8" />
  <meta name='ocr-system' content='tesseract 3.04.00' />
  <meta name='ocr-capabilities' content='ocr_page ocr_carea ocr_par ocr_line ocrx_word'/>
</head>
<body>
  <div class='ocr_page' id='page_1' title='image "./lannsenecparspr04bouigoog_0120.png"; bbox 0 0 2950 4934; ppageno 0'>
   <div class='ocr_carea' id='block_1_1' title="bbox 317 533 1085 606">
    <p class='ocr_par' dir='ltr' id='par_1_1' title="bbox 317 533 1085 606">
     <span class='ocr_line' id='line_1_1' title="bbox 317 533 1085 606; baseline 0.007 -5"><span class='ocrx_word' id='word_1_1' title='bbox 317 538 377 602; x_wconf 80' lang='lat' dir='ltr'><strong>roll</strong></span> <span class='ocrx_word' id='word_1_2' title='bbox 599 537 638 603; x_wconf 93' lang='lat' dir='ltr'><strong>L.</strong></span> <span class='ocrx_word' id='word_1_3' title='bbox 665 533 845 604; x_wconf 80' lang='lat' dir='ltr'>ANNAEI</span> <span class='ocrx_word' id='word_1_4' title='bbox 869 535 1085 606; x_wconf 84' lang='lat' dir='ltr'>SENECAE</span> 
     </span>
    </p>
   </div>
   <div class='ocr_carea' id='block_1_2' title="bbox 220 661 1390 2841">
    <p class='ocr_par' dir='ltr' id='par_1_2' title="bbox 259 661 1388 1917">
     <span class='ocr_line' id='line_1_2' title="bbox 313 661 1388 762; baseline 0.007 -32"><span class='ocrx_word' id='word_1_5' title='bbox 313 679 418 744; x_wconf 72' lang='lat' dir='ltr'><strong>turae,</strong></span> <span class='ocrx_word' id='word_1_6' title='bbox 444 661 569 754; x_wconf 87' lang='lat' dir='ltr'><strong>quibus</strong></span> <span class='ocrx_word' id='word_1_7' title='bbox 594 661 744 734; x_wconf 89' lang='lat' dir='ltr'><strong>aviditas</strong></span> <span class='ocrx_word' id='word_1_8' title='bbox 758 668 982 756; x_wconf 78' lang='lat' dir='ltr'><strong>excitaretur3</strong></span> <span class='ocrx_word' id='word_1_9' title='bbox 1008 695 1090 762; x_wconf 76' lang='lat' dir='ltr'><strong>quta</strong></span> <span class='ocrx_word' id='word_1_10' title='bbox 1108 668 1388 738; x_wconf 73' lang='lat' dir='ltr'>desiderantibus</span> 
     </span>
     <span class='ocr_line' id='line_1_3' title="bbox 259 781 1388 882; baseline 0.004 -32"><span class='ocrx_word' id='word_1_11' title='bbox 259 805 290 858; x_wconf 73' lang='lat'><strong>16</strong></span> <span class='ocrx_word' id='word_1_12' title='bbox 313 781 470 850; x_wconf 91' lang='lat' dir='ltr'><strong>alimenta</strong></span> <span class='ocrx_word' id='word_1_13' title='bbox 486 797 601 865; x_wconf 91' lang='lat' dir='ltr'><strong>erant,</strong></span> <span class='ocrx_word' id='word_1_14' title='bbox 618 807 721 853; x_wconf 86' lang='lat' dir='ltr'><strong>onera</strong></span> <span class='ocrx_word' id='word_1_15' title='bbox 745 803 825 853; x_wconf 86' lang='lat' dir='ltr'><strong>sunt</strong></span> <span class='ocrx_word' id='word_1_16' title='bbox 845 785 956 879; x_wconf 90' lang='lat' dir='ltr'><strong>plenis</strong></span> <span class='ocrx_word' id='word_1_17' title='bbox 970 793 994 854; x_wconf 89' lang='lat'><strong>¹.</strong></span> <span class='ocrx_word' id='word_1_18' title='bbox 1015 785 1101 856; x_wconf 90' lang='lat' dir='ltr'><strong>Inde</strong></span> <span class='ocrx_word' id='word_1_19' title='bbox 1114 787 1235 882; x_wconf 90' lang='lat' dir='ltr'><strong>pallor,</strong></span> <span class='ocrx_word' id='word_1_20' title='bbox 1253 804 1287 857; x_wconf 89' lang='lat' dir='ltr'><strong>et</strong></span> <span class='ocrx_word' id='word_1_21' title='bbox 1299 813 1388 856; x_wconf 91' lang='lat' dir='ltr'><strong>ner-</strong></span> 
     </span>
     <span class='ocr_line' id='line_1_4' title="bbox 313 885 1388 986; baseline 0.004 -18"><span class='ocrx_word' id='word_1_22' title='bbox 313 924 433 968; x_wconf 90' lang='lat' dir='ltr'><strong>vorum</strong></span> <span class='ocrx_word' id='word_1_23' title='bbox 457 899 538 968; x_wconf 88' lang='lat' dir='ltr'><strong>vino</strong></span> <span class='ocrx_word' id='word_1_24' title='bbox 561 900 768 971; x_wconf 75' lang='lat' dir='ltr'><strong>madentium</strong></span> <span class='ocrx_word' id='word_1_25' title='bbox 786 919 926 986; x_wconf 90' lang='lat' dir='ltr'><strong>tremor,</strong></span> <span class='ocrx_word' id='word_1_26' title='bbox 948 920 982 973; x_wconf 89' lang='lat' dir='ltr'><strong>et</strong></span> <span class='ocrx_word' id='word_1_27' title='bbox 1005 885 1229 975; x_wconf 83' lang='lat' dir='ltr'><strong>miserabilior</strong></span> <span class='ocrx_word' id='word_1_28' title='bbox 1243 930 1284 975; x_wconf 84' lang='lat' dir='ltr'><strong>ex</strong></span> <span class='ocrx_word' id='word_1_29' title='bbox 1299 929 1388 975; x_wconf 88' lang='lat' dir='ltr'><strong>cru-</strong></span> 
     </span>
     <span class='ocr_line' id='line_1_5' title="bbox 314 1016 1387 1109; baseline 0.005 -24"><span class='ocrx_word' id='word_1_30' title='bbox 314 1016 512 1100; x_wconf 44' lang='lat' dir='ltr'><strong>diesibus&amp;</strong></span> <span class='ocrx_word' id='word_1_31' title='bbox 536 1042 638 1109; x_wconf 89' lang='lat' dir='ltr'><strong>quam</strong></span> <span class='ocrx_word' id='word_1_32' title='bbox 662 1043 703 1087; x_wconf 84' lang='lat' dir='ltr'><strong>ex</strong></span> <span class='ocrx_word' id='word_1_33' title='bbox 723 1019 833 1103; x_wconf 81' lang='lat' dir='ltr'><strong>same,</strong></span> <span class='ocrx_word' id='word_1_34' title='bbox 853 1023 995 1107; x_wconf 80' lang='lat' dir='ltr'><strong>macies.;</strong></span> <span class='ocrx_word' id='word_1_35' title='bbox 1021 1021 1104 1091; x_wconf 92' lang='lat' dir='ltr'><strong>inde</strong></span> <span class='ocrx_word' id='word_1_36' title='bbox 1124 1025 1246 1093; x_wconf 81' lang='lat' dir='ltr'>incerti</span> <span class='ocrx_word' id='word_1_37' title='bbox 1261 1023 1387 1090; x_wconf 89' lang='lat' dir='ltr'><strong>laban·</strong></span> 
     </span>
     <span class='ocr_line' id='line_1_6' title="bbox 314 1131 1384 1232; baseline 0.004 -31"><span class='ocrx_word' id='word_1_38' title='bbox 314 1135 397 1202; x_wconf 86' lang='lat' dir='ltr'><strong>tium</strong></span> <span class='ocrx_word' id='word_1_39' title='bbox 411 1131 530 1226; x_wconf 89' lang='lat' dir='ltr'><strong>pedes,</strong></span> <span class='ocrx_word' id='word_1_40' title='bbox 548 1151 582 1202; x_wconf 87' lang='lat' dir='ltr'><strong>et</strong></span> <span class='ocrx_word' id='word_1_41' title='bbox 595 1159 742 1230; x_wconf 89' lang='lat' dir='ltr'><strong>semper,</strong></span> <span class='ocrx_word' id='word_1_42' title='bbox 756 1137 866 1229; x_wconf 88' lang='lat' dir='ltr'><strong>qualis</strong></span> <span class='ocrx_word' id='word_1_43' title='bbox 877 1140 915 1206; x_wconf 92' lang='lat' dir='ltr'><strong>in</strong></span> <span class='ocrx_word' id='word_1_44' title='bbox 928 1139 1001 1232; x_wconf 87' lang='lat' dir='ltr'><strong>ipsa</strong></span> <span class='ocrx_word' id='word_1_45' title='bbox 1013 1139 1191 1223; x_wconf 88' lang='lat' dir='ltr'><strong>ebrietate,</strong></span> <span class='ocrx_word' id='word_1_46' title='bbox 1207 1139 1384 1226; x_wconf 80' lang='lat' dir='ltr'><strong>titubatio3</strong></span> 
     </span>
     <span class='ocr_line' id='line_1_7' title="bbox 313 1249 1385 1349; baseline 0.006 -32"><span class='ocrx_word' id='word_1_47' title='bbox 313 1249 395 1318; x_wconf 87' lang='lat' dir='ltr'><strong>inde</strong></span> <span class='ocrx_word' id='word_1_48' title='bbox 404 1251 549 1322; x_wconf 83' lang='lat' dir='ltr'><strong>intutam</strong></span> <span class='ocrx_word' id='word_1_49' title='bbox 558 1268 669 1320; x_wconf 89' lang='lat' dir='ltr'><strong>cutem</strong></span> <span class='ocrx_word' id='word_1_50' title='bbox 680 1251 802 1320; x_wconf 93' lang='lat' dir='ltr'><strong>humor</strong></span> <span class='ocrx_word' id='word_1_51' title='bbox 810 1252 989 1338; x_wconf 88' lang='lat' dir='ltr'><strong>admissus,</strong></span> <span class='ocrx_word' id='word_1_52' title='bbox 1003 1255 1238 1349; x_wconf 73' lang='lat' dir='ltr'><strong>distentusque</strong></span> <span class='ocrx_word' id='word_1_53' title='bbox 1248 1273 1385 1337; x_wconf 88' lang='lat' dir='ltr'><strong>venter,</strong></span> 
     </span>
     <span class='ocr_line' id='line_1_8' title="bbox 313 1363 1387 1470; baseline 0.005 -39"><span class='ocrx_word' id='word_1_54' title='bbox 313 1363 394 1432; x_wconf 91' lang='lat' dir='ltr'><strong>dum</strong></span> <span class='ocrx_word' id='word_1_55' title='bbox 420 1364 511 1433; x_wconf 82' lang='lat' dir='ltr'><strong>male</strong></span> <span class='ocrx_word' id='word_1_56' title='bbox 531 1369 693 1434; x_wconf 74' lang='lat' dir='ltr'><strong>assuescit</strong></span> <span class='ocrx_word' id='word_1_57' title='bbox 717 1366 795 1461; x_wconf 89' lang='lat' dir='ltr'><strong>plus</strong></span> <span class='ocrx_word' id='word_1_58' title='bbox 821 1366 966 1470; x_wconf 83' lang='lat' dir='ltr'><strong>capere,</strong></span> <span class='ocrx_word' id='word_1_59' title='bbox 993 1394 1096 1460; x_wconf 91' lang='lat' dir='ltr'><strong>quam</strong></span> <span class='ocrx_word' id='word_1_60' title='bbox 1122 1385 1274 1464; x_wconf 79' lang='lat' dir='ltr'><strong>poterat3</strong></span> <span class='ocrx_word' id='word_1_61' title='bbox 1299 1368 1387 1436; x_wconf 90' lang='lat' dir='ltr'><strong>iude</strong></span> 
     </span>
     <span class='ocr_line' id='line_1_9' title="bbox 313 1479 1387 1574; baseline 0.004 -26"><span class='ocrx_word' id='word_1_62' title='bbox 313 1481 457 1548; x_wconf 80' lang='lat' dir='ltr'><strong>suffusio</strong></span> <span class='ocrx_word' id='word_1_63' title='bbox 482 1479 602 1549; x_wconf 75' lang='lat' dir='ltr'><strong>luridas</strong></span> <span class='ocrx_word' id='word_1_64' title='bbox 617 1481 717 1561; x_wconf 89' lang='lat' dir='ltr'><strong>bilis,</strong></span> <span class='ocrx_word' id='word_1_65' title='bbox 741 1499 776 1549; x_wconf 90' lang='lat' dir='ltr'><strong>et</strong></span> <span class='ocrx_word' id='word_1_66' title='bbox 793 1481 932 1549; x_wconf 88' lang='lat' dir='ltr'><strong>decolor</strong></span> <span class='ocrx_word' id='word_1_67' title='bbox 950 1481 1083 1564; x_wconf 89' lang='lat' dir='ltr'><strong>vultus,</strong></span> <span class='ocrx_word' id='word_1_68' title='bbox 1104 1483 1266 1574; x_wconf 84' lang='lat' dir='ltr'><strong>tabesque</strong></span> <span class='ocrx_word' id='word_1_69' title='bbox 1287 1484 1325 1549; x_wconf 92' lang='lat' dir='ltr'><strong>in</strong></span> <span class='ocrx_word' id='word_1_70' title='bbox 1348 1508 1387 1552; x_wconf 84' lang='lat' dir='ltr'><strong>se</strong></span> 
     </span>
     <span class='ocr_line' id='line_1_10' title="bbox 312 1591 1386 1690; baseline 0.005 -27"><span class='ocrx_word' id='word_1_71' title='bbox 312 1597 598 1690; x_wconf 69' lang='lat' dir='ltr'><strong>putrescentium,</strong></span> <span class='ocrx_word' id='word_1_72' title='bbox 626 1611 661 1664; x_wconf 89' lang='lat' dir='ltr'><strong>et</strong></span> <span class='ocrx_word' id='word_1_73' title='bbox 683 1595 843 1663; x_wconf 82' lang='lat' dir='ltr'><strong>retorridi</strong></span> <span class='ocrx_word' id='word_1_74' title='bbox 862 1591 982 1688; x_wconf 79' lang='lat' dir='ltr'><strong>digiti³</strong></span> <span class='ocrx_word' id='word_1_75' title='bbox 996 1597 1149 1665; x_wconf 77' lang='lat' dir='ltr'><strong>articulis</strong></span> <span class='ocrx_word' id='word_1_76' title='bbox 1163 1597 1386 1690; x_wconf 81' lang='lat' dir='ltr'><strong>obrigescen-</strong></span> 
     </span>
     <span class='ocr_line' id='line_1_11' title="bbox 313 1709 1387 1805; baseline 0.005 -28"><span class='ocrx_word' id='word_1_77' title='bbox 313 1711 423 1793; x_wconf 84' lang='lat' dir='ltr'><strong>tibus,</strong></span> <span class='ocrx_word' id='word_1_78' title='bbox 443 1725 694 1801; x_wconf 83' lang='lat' dir='ltr'><strong>nervorumque</strong></span> <span class='ocrx_word' id='word_1_79' title='bbox 718 1711 792 1778; x_wconf 91' lang='lat' dir='ltr'><strong>sine</strong></span> <span class='ocrx_word' id='word_1_80' title='bbox 815 1731 917 1778; x_wconf 89' lang='lat' dir='ltr'><strong>sensu</strong></span> <span class='ocrx_word' id='word_1_81' title='bbox 940 1709 1129 1801; x_wconf 87' lang='lat' dir='ltr'><strong>jacentium</strong></span> <span class='ocrx_word' id='word_1_82' title='bbox 1157 1727 1294 1805; x_wconf 93' lang='lat' dir='ltr'><strong>torpor,</strong></span> <span class='ocrx_word' id='word_1_83' title='bbox 1323 1731 1387 1783; x_wconf 92' lang='lat' dir='ltr'><strong>aut</strong></span> 
     </span>
     <span class='ocr_line' id='line_1_12' title="bbox 313 1816 1381 1917; baseline 0.004 -26"><span class='ocrx_word' id='word_1_84' title='bbox 313 1823 488 1917; x_wconf 78' lang='lat' dir='ltr'><strong>palpitatio</strong></span> <span class='ocrx_word' id='word_1_85' title='bbox 510 1816 854 1916; x_wconf 77' lang='lat' dir='ltr'><strong>[corporum‘].sine</strong></span> <span class='ocrx_word' id='word_1_86' title='bbox 879 1824 1130 1892; x_wconf 85' lang='lat' dir='ltr'><strong>intermissione</strong></span> <span class='ocrx_word' id='word_1_87' title='bbox 1156 1825 1381 1895; x_wconf 85' lang='lat' dir='ltr'><strong>vibrantium.</strong></span> 
     </span>
    </p>

    <p class='ocr_par' dir='ltr' id='par_1_3' title="bbox 220 1935 1390 2610">
     <span class='ocr_line' id='line_1_13' title="bbox 259 1935 1384 2033; baseline 0.007 -31"><span class='ocrx_word' id='word_1_88' title='bbox 259 1969 287 2020; x_wconf 83' lang='lat'><strong>¹7</strong></span> <span class='ocrx_word' id='word_1_89' title='bbox 313 1938 409 2033; x_wconf 90' lang='lat' dir='ltr'><strong>Quid</strong></span> <span class='ocrx_word' id='word_1_90' title='bbox 419 1939 539 2031; x_wconf 90' lang='lat' dir='ltr'><strong>capitis</strong></span> <span class='ocrx_word' id='word_1_91' title='bbox 551 1938 736 2030; x_wconf 82' lang='lat' dir='ltr'><strong>vertigines</strong></span> <span class='ocrx_word' id='word_1_92' title='bbox 750 1936 859 2006; x_wconf 80' lang='lat' dir='ltr'><strong>dicam</strong></span> <span class='ocrx_word' id='word_1_93' title='bbox 869 1939 885 2005; x_wconf 80' lang='lat' dir='ltr'><strong>i</strong></span> <span class='ocrx_word' id='word_1_94' title='bbox 894 1935 979 2029; x_wconf 91' lang='lat' dir='ltr'><strong>quid</strong></span> <span class='ocrx_word' id='word_1_95' title='bbox 991 1938 1165 2006; x_wconf 89' lang='lat' dir='ltr'><strong>oculorum</strong></span> <span class='ocrx_word' id='word_1_96' title='bbox 1179 1942 1384 2033; x_wconf 86' lang='lat' dir='ltr'><strong>auriumque</strong></span> 
     </span>
     <span class='ocr_line' id='line_1_14' title="bbox 220 2050 1385 2144; baseline 0.004 -23"><span class='ocrx_word' id='word_1_97' title='bbox 220 2135 223 2144; x_wconf 15' lang='grc' dir='ltr'><strong>Ἰ</strong></span> <span class='ocrx_word' id='word_1_98' title='bbox 313 2071 500 2137; x_wconf 90' lang='lat' dir='ltr'><strong>tormenta,</strong></span> <span class='ocrx_word' id='word_1_99' title='bbox 518 2053 699 2120; x_wconf 83' lang='lat' dir='ltr'><strong>etcerebri</strong></span> <span class='ocrx_word' id='word_1_100' title='bbox 715 2055 929 2122; x_wconf 75' lang='lat' dir='ltr'><strong>exestuantis</strong></span> <span class='ocrx_word' id='word_1_101' title='bbox 944 2054 1205 2123; x_wconf 87' lang='lat' dir='ltr'><strong>verminationes</strong></span> <span class='ocrx_word' id='word_1_102' title='bbox 1216 2050 1243 2141; x_wconf 76' lang='lat'><strong>⁵3</strong></span> <span class='ocrx_word' id='word_1_103' title='bbox 1262 2073 1296 2124; x_wconf 91' lang='lat' dir='ltr'><strong>et</strong></span> <span class='ocrx_word' id='word_1_104' title='bbox 1309 2082 1385 2127; x_wconf 90' lang='lat' dir='ltr'><strong>om-</strong></span> 
     </span>
     <span class='ocr_line' id='line_1_15' title="bbox 313 2159 1384 2262; baseline 0.004 -25"><span class='ocrx_word' id='word_1_105' title='bbox 313 2171 392 2252; x_wconf 90' lang='lat' dir='ltr'><strong>nia,</strong></span> <span class='ocrx_word' id='word_1_106' title='bbox 413 2191 477 2262; x_wconf 90' lang='lat' dir='ltr'><strong>per</strong></span> <span class='ocrx_word' id='word_1_107' title='bbox 495 2191 571 2258; x_wconf 76' lang='lat' dir='ltr'><strong>quae</strong></span> <span class='ocrx_word' id='word_1_108' title='bbox 589 2189 813 2236; x_wconf 87' lang='lat' dir='ltr'><strong>exoneramur</strong></span> <span class='ocrx_word' id='word_1_109' title='bbox 823 2159 851 2255; x_wconf 83' lang='lat'><strong>⁶,</strong></span> <span class='ocrx_word' id='word_1_110' title='bbox 876 2167 1020 2236; x_wconf 88' lang='lat' dir='ltr'><strong>internis</strong></span> <span class='ocrx_word' id='word_1_111' title='bbox 1041 2168 1214 2237; x_wconf 87' lang='lat' dir='ltr'><strong>ulceribus</strong></span> <span class='ocrx_word' id='word_1_112' title='bbox 1231 2170 1384 2240; x_wconf 81' lang='lat' dir='ltr'><strong>affecta?</strong></span> 
     </span>
     <span class='ocr_line' id='line_1_16' title="bbox 313 2283 1385 2380; baseline 0.005 -28"><span class='ocrx_word' id='word_1_113' title='bbox 313 2284 573 2354; x_wconf 83' lang='lat' dir='ltr'><strong>innumerabilia</strong></span> <span class='ocrx_word' id='word_1_114' title='bbox 586 2299 750 2376; x_wconf 75' lang='lat' dir='ltr'><strong>praterea</strong></span> <span class='ocrx_word' id='word_1_115' title='bbox 769 2283 916 2352; x_wconf 79' lang='lat' dir='ltr'><strong>febrium</strong></span> <span class='ocrx_word' id='word_1_116' title='bbox 935 2307 1078 2378; x_wconf 79' lang='lat' dir='ltr'><strong>genera,</strong></span> <span class='ocrx_word' id='word_1_117' title='bbox 1095 2284 1237 2380; x_wconf 82' lang='lat' dir='ltr'><strong>aliarum</strong></span> <span class='ocrx_word' id='word_1_118' title='bbox 1252 2288 1385 2380; x_wconf 90' lang='lat' dir='ltr'><strong>impetu</strong></span> 
     </span>
     <span class='ocr_line' id='line_1_17' title="bbox 314 2397 1390 2493; baseline 0 -23"><span class='ocrx_word' id='word_1_119' title='bbox 314 2400 534 2484; x_wconf 75' lang='lat' dir='ltr'><strong>sevientium,</strong></span> <span class='ocrx_word' id='word_1_120' title='bbox 549 2397 692 2467; x_wconf 90' lang='lat' dir='ltr'><strong>aliarum</strong></span> <span class='ocrx_word' id='word_1_121' title='bbox 707 2399 802 2467; x_wconf 94' lang='lat' dir='ltr'><strong>tenui</strong></span> <span class='ocrx_word' id='word_1_122' title='bbox 812 2415 907 2492; x_wconf 87' lang='lat' dir='ltr'><strong>peste</strong></span> <span class='ocrx_word' id='word_1_123' title='bbox 922 2401 1128 2493; x_wconf 86' lang='lat' dir='ltr'><strong>repentium,</strong></span> <span class='ocrx_word' id='word_1_124' title='bbox 1143 2400 1390 2471; x_wconf 82' lang='lat' dir='ltr'><strong>aliarumcum·</strong></span> 
     </span>
     <span class='ocr_line' id='line_1_18' title="bbox 313 2517 1385 2610; baseline 0.001 -22"><span class='ocrx_word' id='word_1_125' title='bbox 313 2519 459 2588; x_wconf 87' lang='lat' dir='ltr'><strong>horrore</strong></span> <span class='ocrx_word' id='word_1_126' title='bbox 483 2533 517 2585; x_wconf 91' lang='lat' dir='ltr'><strong>et</strong></span> <span class='ocrx_word' id='word_1_127' title='bbox 538 2517 642 2585; x_wconf 90' lang='lat' dir='ltr'><strong>multa</strong></span> <span class='ocrx_word' id='word_1_128' title='bbox 664 2517 893 2586; x_wconf 90' lang='lat' dir='ltr'><strong>membrorum</strong></span> <span class='ocrx_word' id='word_1_129' title='bbox 913 2519 1385 2610; x_wconf 77' lang='lat' dir='ltr'><strong>quassationevenientium?</strong></span> 
     </span>
    </p>

    <p class='ocr_par' dir='ltr' id='par_1_4' title="bbox 259 2613 1388 2841">
     <span class='ocr_line' id='line_1_19' title="bbox 259 2613 1384 2728; baseline 0.004 -28"><span class='ocrx_word' id='word_1_130' title='bbox 259 2651 289 2704; x_wconf 73' lang='lat' dir='ltr'><strong>rt</strong></span> <span class='ocrx_word' id='word_1_131' title='bbox 314 2635 410 2728; x_wconf 87' lang='lat' dir='ltr'><strong>Quid</strong></span> <span class='ocrx_word' id='word_1_132' title='bbox 418 2613 501 2702; x_wconf 88' lang='lat' dir='ltr'><strong>alios</strong></span> <span class='ocrx_word' id='word_1_133' title='bbox 512 2635 656 2701; x_wconf 79' lang='lat' dir='ltr'><strong>referam</strong></span> <span class='ocrx_word' id='word_1_134' title='bbox 667 2632 931 2702; x_wconf 87' lang='lat' dir='ltr'><strong>innumerabiles</strong></span> <span class='ocrx_word' id='word_1_135' title='bbox 940 2633 1087 2717; x_wconf 88' lang='lat' dir='ltr'><strong>morbos,</strong></span> <span class='ocrx_word' id='word_1_136' title='bbox 1100 2635 1266 2727; x_wconf 84' lang='lat' dir='ltr'><strong>supplicia</strong></span> <span class='ocrx_word' id='word_1_137' title='bbox 1279 2635 1384 2704; x_wconf 83' lang='lat' dir='ltr'><strong>luxu-</strong></span> 
     </span>
     <span class='ocr_line' id='line_1_20' title="bbox 314 2748 1388 2841; baseline 0.004 -23"><span class='ocrx_word' id='word_1_138' title='bbox 314 2753 392 2818; x_wconf 77' lang='lat' dir='ltr'><strong>riaei</strong></span> <span class='ocrx_word' id='word_1_139' title='bbox 403 2753 574 2820; x_wconf 87' lang='lat' dir='ltr'><strong>Immunes</strong></span> <span class='ocrx_word' id='word_1_140' title='bbox 583 2766 681 2818; x_wconf 88' lang='lat' dir='ltr'><strong>erant</strong></span> <span class='ocrx_word' id='word_1_141' title='bbox 694 2749 737 2818; x_wconf 90' lang='lat' dir='ltr'><strong>ab</strong></span> <span class='ocrx_word' id='word_1_142' title='bbox 751 2751 824 2820; x_wconf 86' lang='lat' dir='ltr'><strong>istis</strong></span> <span class='ocrx_word' id='word_1_143' title='bbox 832 2749 942 2835; x_wconf 88' lang='lat' dir='ltr'><strong>malis,</strong></span> <span class='ocrx_word' id='word_1_144' title='bbox 959 2752 1019 2841; x_wconf 92' lang='lat' dir='ltr'><strong>qui</strong></span> <span class='ocrx_word' id='word_1_145' title='bbox 1036 2750 1187 2820; x_wconf 88' lang='lat' dir='ltr'><strong>nondum</strong></span> <span class='ocrx_word' id='word_1_146' title='bbox 1198 2774 1233 2819; x_wconf 89' lang='lat' dir='ltr'><strong>se</strong></span> <span class='ocrx_word' id='word_1_147' title='bbox 1246 2748 1388 2822; x_wconf 81' lang='lat' dir='ltr'><strong>deliciis</strong></span> 
     </span>
    </p>
   </div>
   <div class='ocr_carea' id='block_1_3' title="bbox 280 2969 1409 4382">
    <p class='ocr_par' dir='ltr' id='par_1_5' title="bbox 311 2969 1388 3202">
     <span class='ocr_line' id='line_1_21' title="bbox 313 2969 1388 3044; baseline -0.002 -20"><span class='ocrx_word' id='word_1_148' title='bbox 313 2990 349 3043; x_wconf 86' lang='lat' dir='ltr'><strong>sq·</strong></span> <span class='ocrx_word' id='word_1_149' title='bbox 365 2984 390 3024; x_wconf 81' lang='lat' dir='ltr'><strong>et</strong></span> <span class='ocrx_word' id='word_1_150' title='bbox 412 2969 524 3040; x_wconf 72' lang='lat' dir='ltr'><strong>eiusdem</strong></span> <span class='ocrx_word' id='word_1_151' title='bbox 538 2971 633 3044; x_wconf 79' lang='lat' dir='ltr'><strong>praelat.</strong></span> <span class='ocrx_word' id='word_1_152' title='bbox 653 2970 822 3025; x_wconf 77' lang='lat' dir='ltr'><strong>sententiosis</strong></span> <span class='ocrx_word' id='word_1_153' title='bbox 871 2985 934 3025; x_wconf 82' lang='lat' dir='ltr'><strong>teres</strong></span> <span class='ocrx_word' id='word_1_154' title='bbox 945 2970 1004 3025; x_wconf 85' lang='lat' dir='ltr'><strong>libri</strong></span> <span class='ocrx_word' id='word_1_155' title='bbox 1015 2991 1119 3036; x_wconf 80' lang='lat' dir='ltr'><strong>omues,</strong></span> <span class='ocrx_word' id='word_1_156' title='bbox 1130 2971 1262 3027; x_wconf 82' lang='lat' dir='ltr'><strong>commode</strong></span> <span class='ocrx_word' id='word_1_157' title='bbox 1271 2971 1388 3040; x_wconf 65' lang='lat' dir='ltr'><strong>ejectum</strong></span> 
     </span>
     <span class='ocr_line' id='line_1_22' title="bbox 312 3049 1379 3122; baseline 0.005 -22"><span class='ocrx_word' id='word_1_158' title='bbox 312 3049 535 3102; x_wconf 80' lang='lat' dir='ltr'><strong>vetustissimorum</strong></span> <span class='ocrx_word' id='word_1_159' title='bbox 555 3049 703 3102; x_wconf 85' lang='lat' dir='ltr'><strong>Gnomieor.</strong></span> <span class='ocrx_word' id='word_1_160' title='bbox 727 3061 821 3122; x_wconf 80' lang='lat' dir='ltr'><strong>poetar.</strong></span> <span class='ocrx_word' id='word_1_161' title='bbox 870 3053 1013 3114; x_wconf 79' lang='lat' dir='ltr'><strong>abiurata,</strong></span> <span class='ocrx_word' id='word_1_162' title='bbox 1034 3053 1161 3106; x_wconf 78' lang='lat' dir='ltr'><strong>revocavit</strong></span> <span class='ocrx_word' id='word_1_163' title='bbox 1181 3052 1265 3105; x_wconf 80' lang='lat' dir='ltr'><strong>llubl.</strong></span> <span class='ocrx_word' id='word_1_164' title='bbox 1280 3065 1379 3105; x_wconf 78' lang='lat' dir='ltr'><strong>uatum</strong></span> 
     </span>
     <span class='ocr_line' id='line_1_23' title="bbox 311 3126 1381 3202; baseline 0.003 -24"><span class='ocrx_word' id='word_1_165' title='bbox 311 3128 375 3198; x_wconf 89' lang='lat' dir='ltr'><strong>Opp.</strong></span> <span class='ocrx_word' id='word_1_166' title='bbox 390 3128 429 3178; x_wconf 84' lang='lat' dir='ltr'><strong>ed.</strong></span> <span class='ocrx_word' id='word_1_167' title='bbox 449 3127 519 3199; x_wconf 85' lang='lat' dir='ltr'><strong>Lips.</strong></span> <span class='ocrx_word' id='word_1_168' title='bbox 535 3127 597 3196; x_wconf 78' lang='lat'><strong>¹776</strong></span> <span class='ocrx_word' id='word_1_169' title='bbox 608 3126 769 3202; x_wconf 67' lang='lat' dir='ltr'><strong>premissam·</strong></span> <span class='ocrx_word' id='word_1_170' title='bbox 780 3126 817 3179; x_wconf 77' lang='lat' dir='ltr'><strong>R.</strong></span> <span class='ocrx_word' id='word_1_171' title='bbox 869 3150 923 3183; x_wconf 89' lang='lat' dir='ltr'><strong>non</strong></span> <span class='ocrx_word' id='word_1_172' title='bbox 936 3130 1105 3184; x_wconf 72' lang='lat' dir='ltr'><strong>uenenarium</strong></span> <span class='ocrx_word' id='word_1_173' title='bbox 1116 3130 1241 3202; x_wconf 80' lang='lat' dir='ltr'><strong>judicans.</strong></span> <span class='ocrx_word' id='word_1_174' title='bbox 1250 3127 1381 3199; x_wconf 80' lang='lat' dir='ltr'><strong>Equidem</strong></span> 
     </span>
    </p>

    <p class='ocr_par' dir='ltr' id='par_1_6' title="bbox 308 3203 1409 3668">
     <span class='ocr_line' id='line_1_24' title="bbox 347 3203 1381 3275; baseline 0.002 -19"><span class='ocrx_word' id='word_1_175' title='bbox 347 3225 370 3257; x_wconf 85' lang='lat' dir='ltr'><strong>s.</strong></span> <span class='ocrx_word' id='word_1_176' title='bbox 385 3203 454 3275; x_wconf 83' lang='lat' dir='ltr'><strong>Quoe</strong></span> <span class='ocrx_word' id='word_1_177' title='bbox 468 3203 678 3259; x_wconf 75' lang='lat' dir='ltr'><strong>desiderantibus</strong></span> <span class='ocrx_word' id='word_1_178' title='bbox 690 3210 820 3260; x_wconf 86' lang='lat' dir='ltr'><strong>alimenta</strong></span> <span class='ocrx_word' id='word_1_179' title='bbox 868 3207 940 3261; x_wconf 80' lang='lat' dir='ltr'><strong>rrncis</strong></span> <span class='ocrx_word' id='word_1_180' title='bbox 955 3207 1123 3274; x_wconf 72' lang='lat' dir='ltr'><strong>ebcumdsdi,</strong></span> <span class='ocrx_word' id='word_1_181' title='bbox 1139 3215 1169 3258; x_wconf 84' lang='lat' dir='ltr'><strong>ut</strong></span> <span class='ocrx_word' id='word_1_182' title='bbox 1180 3206 1271 3260; x_wconf 86' lang='lat' dir='ltr'><strong>merito</strong></span> <span class='ocrx_word' id='word_1_183' title='bbox 1289 3221 1381 3273; x_wconf 72' lang='lat' dir='ltr'><strong>nspe-</strong></span> 
     </span>
     <span class='ocr_line' id='line_1_25' title="bbox 311 3281 1381 3352; baseline 0 -16"><span class='ocrx_word' id='word_1_184' title='bbox 311 3293 399 3349; x_wconf 85' lang='lat' dir='ltr'><strong>erant,</strong></span> <span class='ocrx_word' id='word_1_185' title='bbox 412 3303 492 3334; x_wconf 85' lang='lat' dir='ltr'><strong>onera</strong></span> <span class='ocrx_word' id='word_1_186' title='bbox 503 3296 565 3336; x_wconf 91' lang='lat' dir='ltr'><strong>sunt</strong></span> <span class='ocrx_word' id='word_1_187' title='bbox 575 3287 670 3352; x_wconf 83' lang='lat' dir='ltr'><strong>plenis.</strong></span> <span class='ocrx_word' id='word_1_188' title='bbox 682 3285 754 3336; x_wconf 81' lang='lat' dir='ltr'><strong>liene</strong></span> <span class='ocrx_word' id='word_1_189' title='bbox 766 3285 820 3338; x_wconf 80' lang='lat' dir='ltr'><strong>La·</strong></span> <span class='ocrx_word' id='word_1_190' title='bbox 868 3296 950 3349; x_wconf 81' lang='lat' dir='ltr'><strong>ctum3</strong></span> <span class='ocrx_word' id='word_1_191' title='bbox 960 3286 1051 3338; x_wconf 81' lang='lat' dir='ltr'><strong>rectius</strong></span> <span class='ocrx_word' id='word_1_192' title='bbox 1060 3286 1179 3348; x_wconf 82' lang='lat' dir='ltr'><strong>iacturas,</strong></span> <span class='ocrx_word' id='word_1_193' title='bbox 1184 3283 1207 3336; x_wconf 87' lang='lat' dir='ltr'><strong>si</strong></span> <span class='ocrx_word' id='word_1_194' title='bbox 1213 3283 1298 3336; x_wconf 81' lang='lat' dir='ltr'><strong>denuo</strong></span> <span class='ocrx_word' id='word_1_195' title='bbox 1306 3281 1381 3336; x_wconf 77' lang='lat' dir='ltr'><strong>able-</strong></span> 
     </span>
     <span class='ocr_line' id='line_1_26' title="bbox 308 3360 1381 3436; baseline 0.003 -25"><span class='ocrx_word' id='word_1_196' title='bbox 308 3360 472 3430; x_wconf 70' lang='lat' dir='ltr'><strong>grangetCes</strong></span> <span class='ocrx_word' id='word_1_197' title='bbox 482 3373 548 3415; x_wconf 83' lang='lat' dir='ltr'><strong>mets</strong></span> <span class='ocrx_word' id='word_1_198' title='bbox 557 3365 604 3431; x_wconf 80' lang='lat' dir='ltr'><strong>qui</strong></span> <span class='ocrx_word' id='word_1_199' title='bbox 611 3364 705 3416; x_wconf 65' lang='lat' dir='ltr'><strong>etaient</strong></span> <span class='ocrx_word' id='word_1_200' title='bbox 712 3365 759 3416; x_wconf 82' lang='lat' dir='ltr'><strong>des</strong></span> <span class='ocrx_word' id='word_1_201' title='bbox 768 3365 821 3415; x_wconf 84' lang='lat' dir='ltr'><strong>ali·</strong></span> <span class='ocrx_word' id='word_1_202' title='bbox 867 3381 978 3434; x_wconf 67' lang='lat' dir='ltr'><strong>gamm,</strong></span> <span class='ocrx_word' id='word_1_203' title='bbox 987 3376 1016 3416; x_wconf 89' lang='lat' dir='ltr'><strong>ut</strong></span> <span class='ocrx_word' id='word_1_204' title='bbox 1025 3382 1125 3436; x_wconf 83' lang='lat' dir='ltr'><strong>prorsus</strong></span> <span class='ocrx_word' id='word_1_205' title='bbox 1136 3362 1169 3416; x_wconf 79' lang='lat' dir='ltr'><strong>ab</strong></span> <span class='ocrx_word' id='word_1_206' title='bbox 1180 3362 1228 3417; x_wconf 86' lang='lat' dir='ltr'><strong>boc</strong></span> <span class='ocrx_word' id='word_1_207' title='bbox 1239 3361 1296 3416; x_wconf 85' lang='lat' dir='ltr'><strong>loco</strong></span> <span class='ocrx_word' id='word_1_208' title='bbox 1307 3362 1381 3414; x_wconf 81' lang='lat' dir='ltr'><strong>alis-</strong></span> 
     </span>
     <span class='ocr_line' id='line_1_27' title="bbox 311 3440 1380 3513; baseline -0.001 -20"><span class='ocrx_word' id='word_1_209' title='bbox 311 3455 383 3490; x_wconf 74' lang='lat' dir='ltr'><strong>mens</strong></span> <span class='ocrx_word' id='word_1_210' title='bbox 398 3457 466 3506; x_wconf 78' lang='lat' dir='ltr'><strong>pour</strong></span> <span class='ocrx_word' id='word_1_211' title='bbox 480 3440 526 3493; x_wconf 81' lang='lat' dir='ltr'><strong>des</strong></span> <span class='ocrx_word' id='word_1_212' title='bbox 539 3461 603 3509; x_wconf 69' lang='lat' dir='ltr'><strong>gens</strong></span> <span class='ocrx_word' id='word_1_213' title='bbox 617 3440 749 3510; x_wconf 68' lang='lat' dir='ltr'><strong>cissami,</strong></span> <span class='ocrx_word' id='word_1_214' title='bbox 761 3452 821 3495; x_wconf 83' lang='lat' dir='ltr'><strong>sont</strong></span> <span class='ocrx_word' id='word_1_215' title='bbox 867 3440 997 3506; x_wconf 86' lang='lat' dir='ltr'><strong>num,ubi</strong></span> <span class='ocrx_word' id='word_1_216' title='bbox 1009 3442 1141 3494; x_wconf 81' lang='lat' dir='ltr'><strong>manifeste</strong></span> <span class='ocrx_word' id='word_1_217' title='bbox 1151 3451 1313 3513; x_wconf 76' lang='lat' dir='ltr'><strong>opponuntur</strong></span> <span class='ocrx_word' id='word_1_218' title='bbox 1323 3449 1380 3492; x_wconf 81' lang='lat' dir='ltr'><strong>tor-</strong></span> 
     </span>
     <span class='ocr_line' id='line_1_28' title="bbox 310 3515 1378 3588; baseline 0.005 -22"><span class='ocrx_word' id='word_1_219' title='bbox 310 3515 420 3568; x_wconf 83' lang='lat' dir='ltr'><strong>devenus</strong></span> <span class='ocrx_word' id='word_1_220' title='bbox 427 3517 621 3584; x_wconf 73' lang='lat' dir='ltr'><strong>dessardeauae</strong></span> <span class='ocrx_word' id='word_1_221' title='bbox 627 3537 696 3586; x_wconf 84' lang='lat' dir='ltr'><strong>pour</strong></span> <span class='ocrx_word' id='word_1_222' title='bbox 703 3520 820 3586; x_wconf 61' lang='lat' dir='ltr'><strong>despens</strong></span> <span class='ocrx_word' id='word_1_223' title='bbox 863 3537 1057 3588; x_wconf 76' lang='lat' dir='ltr'><strong>paraenorum</strong></span> <span class='ocrx_word' id='word_1_224' title='bbox 1068 3522 1125 3572; x_wconf 83' lang='lat' dir='ltr'><strong>sine</strong></span> <span class='ocrx_word' id='word_1_225' title='bbox 1133 3538 1212 3572; x_wconf 82' lang='lat' dir='ltr'><strong>sensu</strong></span> <span class='ocrx_word' id='word_1_226' title='bbox 1220 3520 1378 3584; x_wconf 65' lang='grc' dir='ltr'><strong>Ῐαιιπίἰωη,</strong></span> 
     </span>
     <span class='ocr_line' id='line_1_29' title="bbox 310 3596 1409 3668; baseline 0.005 -24"><span class='ocrx_word' id='word_1_227' title='bbox 310 3596 447 3646; x_wconf 85' lang='lat' dir='ltr'><strong>rassasie&#39;s.</strong></span> <span class='ocrx_word' id='word_1_228' title='bbox 866 3611 891 3651; x_wconf 82' lang='lat' dir='ltr'><strong>st</strong></span> <span class='ocrx_word' id='word_1_229' title='bbox 901 3603 1042 3668; x_wconf 78' lang='lat' dir='ltr'><strong>palpitatio</strong></span> <span class='ocrx_word' id='word_1_230' title='bbox 1052 3601 1213 3664; x_wconf 82' lang='lat' dir='ltr'><strong>(nervorum)</strong></span> <span class='ocrx_word' id='word_1_231' title='bbox 1228 3601 1285 3652; x_wconf 84' lang='lat' dir='ltr'><strong>sine</strong></span> <span class='ocrx_word' id='word_1_232' title='bbox 1296 3602 1380 3651; x_wconf 78' lang='lat' dir='ltr'><strong>inter-</strong></span> <span class='ocrx_word' id='word_1_233' title='bbox 1403 3655 1409 3664; x_wconf 29' lang='lat'>⁸</span> 
     </span>
    </p>

    <p class='ocr_par' dir='ltr' id='par_1_7' title="bbox 307 3671 1384 3897">
     <span class='ocr_line' id='line_1_30' title="bbox 343 3671 1382 3730; baseline 0.008 -8"><span class='ocrx_word' id='word_1_234' title='bbox 343 3691 365 3722; x_wconf 81' lang='lat' dir='ltr'><strong>a.</strong></span> <span class='ocrx_word' id='word_1_235' title='bbox 375 3671 425 3724; x_wconf 72' lang='lat' dir='ltr'><strong>Ea</strong></span> <span class='ocrx_word' id='word_1_236' title='bbox 433 3674 631 3725; x_wconf 81' lang='lat' dir='ltr'><strong>cruditatibus...</strong></span> <span class='ocrx_word' id='word_1_237' title='bbox 642 3676 746 3726; x_wconf 84' lang='lat' dir='ltr'><strong>macies.</strong></span> <span class='ocrx_word' id='word_1_238' title='bbox 753 3673 817 3726; x_wconf 84' lang='lat' dir='ltr'><strong>Ver·</strong></span> <span class='ocrx_word' id='word_1_239' title='bbox 865 3681 989 3730; x_wconf 82' lang='lat' dir='ltr'><strong>missione</strong></span> <span class='ocrx_word' id='word_1_240' title='bbox 1000 3678 1169 3730; x_wconf 82' lang='lat' dir='ltr'><strong>vibrantium.</strong></span> <span class='ocrx_word' id='word_1_241' title='bbox 1179 3675 1262 3730; x_wconf 72' lang='lat' dir='ltr'><strong>Sela.</strong></span> <span class='ocrx_word' id='word_1_242' title='bbox 1270 3703 1305 3718; x_wconf 91' lang='lat'><strong>··</strong></span> <span class='ocrx_word' id='word_1_243' title='bbox 1313 3677 1382 3729; x_wconf 78' lang='lat' dir='ltr'><strong>Cor-</strong></span> 
     </span>
     <span class='ocr_line' id='line_1_31' title="bbox 310 3748 1384 3827; baseline 0.007 -27"><span class='ocrx_word' id='word_1_244' title='bbox 310 3748 339 3802; x_wconf 89' lang='lat' dir='ltr'><strong>tit</strong></span> <span class='ocrx_word' id='word_1_245' title='bbox 354 3749 494 3821; x_wconf 70' lang='lat' dir='ltr'><strong>lagmnge</strong></span> <span class='ocrx_word' id='word_1_246' title='bbox 505 3752 565 3805; x_wconf 79' lang='lat' dir='ltr'><strong>:La</strong></span> <span class='ocrx_word' id='word_1_247' title='bbox 580 3752 715 3820; x_wconf 67' lang='lat' dir='ltr'><strong>mat&#39;prreur</strong></span> <span class='ocrx_word' id='word_1_248' title='bbox 724 3754 817 3806; x_wconf 81' lang='lat' dir='ltr'><strong>cause&#39;e</strong></span> <span class='ocrx_word' id='word_1_249' title='bbox 862 3757 1024 3825; x_wconf 71' lang='lat' dir='ltr'><strong>porismatis</strong></span> <span class='ocrx_word' id='word_1_250' title='bbox 1031 3757 1178 3810; x_wconf 76' lang='lat' dir='ltr'><strong>Erasmied.</strong></span> <span class='ocrx_word' id='word_1_251' title='bbox 1188 3756 1250 3808; x_wconf 86' lang='lat' dir='ltr'><strong>etin</strong></span> <span class='ocrx_word' id='word_1_252' title='bbox 1259 3756 1384 3827; x_wconf 35' lang='lat' dir='ltr'><strong>quinque(</strong></span> 
     </span>
     <span class='ocr_line' id='line_1_32' title="bbox 307 3830 1275 3897; baseline 0.008 -19"><span class='ocrx_word' id='word_1_253' title='bbox 307 3830 414 3895; x_wconf 83' lang='lat' dir='ltr'><strong>pordes</strong></span> <span class='ocrx_word' id='word_1_254' title='bbox 426 3831 605 3897; x_wconf 63' lang='lat' dir='ltr'><strong>indigestione·</strong></span> <span class='ocrx_word' id='word_1_255' title='bbox 865 3835 1275 3890; x_wconf 79' lang='lat' dir='ltr'><strong>Palatcodd.invenitur.1iulrlc.</strong></span> 
     </span>
    </p>

    <p class='ocr_par' dir='ltr' id='par_1_8' title="bbox 308 3905 1385 4133">
     <span class='ocr_line' id='line_1_33' title="bbox 341 3905 1377 3977; baseline 0.008 -21"><span class='ocrx_word' id='word_1_256' title='bbox 341 3905 365 3956; x_wconf 83' lang='lat'><strong>3.</strong></span> <span class='ocrx_word' id='word_1_257' title='bbox 375 3905 510 3960; x_wconf 74' lang='lat' dir='ltr'><strong>lictors-idi</strong></span> <span class='ocrx_word' id='word_1_258' title='bbox 516 3909 596 3977; x_wconf 75' lang='lat' dir='ltr'><strong>digiti</strong></span> <span class='ocrx_word' id='word_1_259' title='bbox 603 3927 648 3960; x_wconf 86' lang='lat' dir='ltr'><strong>rus.</strong></span> <span class='ocrx_word' id='word_1_260' title='bbox 656 3929 683 3960; x_wconf 89' lang='lat' dir='ltr'><strong>a.</strong></span> <span class='ocrx_word' id='word_1_261' title='bbox 690 3908 816 3962; x_wconf 77' lang='lat' dir='ltr'><strong>vocabulo</strong></span> <span class='ocrx_word' id='word_1_262' title='bbox 898 3915 925 3975; x_wconf 76' lang='grc'><strong>5.,</strong></span> <span class='ocrx_word' id='word_1_263' title='bbox 937 3913 1039 3966; x_wconf 84' lang='lat' dir='ltr'><strong>Cerebri</strong></span> <span class='ocrx_word' id='word_1_264' title='bbox 1050 3913 1222 3966; x_wconf 67' lang='lat' dir='ltr'><strong>exaestuantis</strong></span> <span class='ocrx_word' id='word_1_265' title='bbox 1233 3913 1377 3966; x_wconf 79' lang='lat' dir='ltr'><strong>vennian-</strong></span> 
     </span>
     <span class='ocr_line' id='line_1_34' title="bbox 308 3983 1385 4063; baseline 0.008 -27"><span class='ocrx_word' id='word_1_266' title='bbox 308 3995 332 4036; x_wconf 83' lang='lat' dir='ltr'><strong>et</strong></span> <span class='ocrx_word' id='word_1_267' title='bbox 352 3983 412 4036; x_wconf 83' lang='lat' dir='ltr'><strong>alias</strong></span> <span class='ocrx_word' id='word_1_268' title='bbox 431 3987 586 4056; x_wconf 75' lang='lat' dir='ltr'><strong>frequentato</strong></span> <span class='ocrx_word' id='word_1_269' title='bbox 602 3987 715 4040; x_wconf 69' lang='lat' dir='ltr'><strong>Seneca.</strong></span> <span class='ocrx_word' id='word_1_270' title='bbox 728 3989 814 4060; x_wconf 75' lang='lat' dir='ltr'><strong>Vulgo</strong></span> <span class='ocrx_word' id='word_1_271' title='bbox 864 3991 1385 4063; x_wconf 61' lang='lat' dir='ltr'><strong>tioneslqrangrvertittstsobaims.</strong></span> 
     </span>
     <span class='ocr_line' id='line_1_35' title="bbox 308 4062 1193 4133; baseline 0.008 -19"><span class='ocrx_word' id='word_1_272' title='bbox 308 4065 396 4115; x_wconf 76' lang='lat' dir='ltr'><strong>retorti</strong></span> <span class='ocrx_word' id='word_1_273' title='bbox 405 4063 459 4133; x_wconf 69' lang='lat' dir='ltr'><strong>dig.</strong></span> <span class='ocrx_word' id='word_1_274' title='bbox 469 4062 551 4118; x_wconf 72' lang='lat' dir='ltr'><strong>Saba.</strong></span> <span class='ocrx_word' id='word_1_275' title='bbox 864 4071 1014 4124; x_wconf 77' lang='lat' dir='ltr'><strong>de&#39;nomntes</strong></span> <span class='ocrx_word' id='word_1_276' title='bbox 1026 4073 1063 4122; x_wconf 85' lang='lat' dir='ltr'><strong>du</strong></span> <span class='ocrx_word' id='word_1_277' title='bbox 1073 4090 1193 4124; x_wconf 78' lang='lat' dir='ltr'><strong>cerreau.</strong></span> 
     </span>
    </p>

    <p class='ocr_par' dir='ltr' id='par_1_9' title="bbox 307 4141 1377 4282">
     <span class='ocr_line' id='line_1_36' title="bbox 339 4141 1376 4220; baseline 0.007 -27"><span class='ocrx_word' id='word_1_278' title='bbox 339 4141 362 4206; x_wconf 79' lang='grc'><strong>4.</strong></span> <span class='ocrx_word' id='word_1_279' title='bbox 374 4143 431 4194; x_wconf 75' lang='lat' dir='ltr'><strong>Aur</strong></span> <span class='ocrx_word' id='word_1_280' title='bbox 434 4143 580 4210; x_wconf 76' lang='lat' dir='ltr'><strong>palpitatio</strong></span> <span class='ocrx_word' id='word_1_281' title='bbox 590 4141 748 4211; x_wconf 77' lang='lat' dir='ltr'><strong>[corporum]</strong></span> <span class='ocrx_word' id='word_1_282' title='bbox 759 4147 815 4197; x_wconf 79' lang='lat' dir='ltr'><strong>sine</strong></span> <span class='ocrx_word' id='word_1_283' title='bbox 895 4147 921 4199; x_wconf 80' lang='grc'><strong>6.</strong></span> <span class='ocrx_word' id='word_1_284' title='bbox 935 4151 1048 4212; x_wconf 84' lang='lat' dir='ltr'><strong>Omnia,</strong></span> <span class='ocrx_word' id='word_1_285' title='bbox 1059 4169 1108 4220; x_wconf 81' lang='lat' dir='ltr'><strong>per</strong></span> <span class='ocrx_word' id='word_1_286' title='bbox 1118 4168 1178 4219; x_wconf 76' lang='lat' dir='ltr'><strong>puta</strong></span> <span class='ocrx_word' id='word_1_287' title='bbox 1187 4165 1376 4204; x_wconf 66' lang='lat' dir='ltr'><strong>mutamur.</strong></span> 
     </span>
     <span class='ocr_line' id='line_1_37' title="bbox 307 4221 1377 4282; baseline 0.007 -11"><span class='ocrx_word' id='word_1_288' title='bbox 307 4223 494 4272; x_wconf 72' lang='lat' dir='ltr'><strong>intonuissione</strong></span> <span class='ocrx_word' id='word_1_289' title='bbox 520 4221 690 4274; x_wconf 83' lang='lat' dir='ltr'><strong>vibrantium.</strong></span> <span class='ocrx_word' id='word_1_290' title='bbox 718 4224 813 4276; x_wconf 77' lang='lat' dir='ltr'><strong>vocab.</strong></span> <span class='ocrx_word' id='word_1_291' title='bbox 864 4229 912 4280; x_wconf 85' lang='lat' dir='ltr'><strong>lut.</strong></span> <span class='ocrx_word' id='word_1_292' title='bbox 931 4227 1029 4281; x_wconf 80' lang='lat' dir='ltr'><strong>canales</strong></span> <span class='ocrx_word' id='word_1_293' title='bbox 1050 4228 1107 4281; x_wconf 89' lang='lat' dir='ltr'><strong>illos</strong></span> <span class='ocrx_word' id='word_1_294' title='bbox 1128 4227 1257 4281; x_wconf 84' lang='lat' dir='ltr'><strong>intestinos</strong></span> <span class='ocrx_word' id='word_1_295' title='bbox 1280 4247 1377 4282; x_wconf 82' lang='lat' dir='ltr'><strong>exone·</strong></span> 
     </span>
    </p>

    <p class='ocr_par' dir='ltr' id='par_1_10' title="bbox 280 4301 1208 4382">
     <span class='ocr_line' id='line_1_38' title="bbox 280 4301 1208 4382; baseline 0.006 -30"><span class='ocrx_word' id='word_1_296' title='bbox 280 4329 283 4335; x_wconf 90' lang='lat'>·</span> <span class='ocrx_word' id='word_1_297' title='bbox 306 4319 450 4368; x_wconf 82' lang='lat' dir='ltr'><strong>corporum,</strong></span> <span class='ocrx_word' id='word_1_298' title='bbox 460 4301 527 4371; x_wconf 91' lang='lat' dir='ltr'><strong>quod</strong></span> <span class='ocrx_word' id='word_1_299' title='bbox 537 4302 654 4356; x_wconf 78' lang='lat' dir='ltr'><strong>exhibent</strong></span> <span class='ocrx_word' id='word_1_300' title='bbox 662 4305 765 4375; x_wconf 82' lang='lat' dir='ltr'><strong>quidem</strong></span> <span class='ocrx_word' id='word_1_301' title='bbox 772 4327 813 4357; x_wconf 85' lang='lat' dir='ltr'><strong>ve·</strong></span> <span class='ocrx_word' id='word_1_302' title='bbox 861 4308 943 4362; x_wconf 77' lang='lat' dir='ltr'><strong>raudo</strong></span> <span class='ocrx_word' id='word_1_303' title='bbox 954 4307 1054 4382; x_wconf 81' lang='lat' dir='ltr'><strong>corpori</strong></span> <span class='ocrx_word' id='word_1_304' title='bbox 1064 4308 1208 4362; x_wconf 79' lang='lat' dir='ltr'><strong>destinatos.</strong></span> 
     </span>
    </p>
   </div>
   <div class='ocr_carea' id='block_1_4' title="bbox 0 0 1480 4934">
    <p class='ocr_par' dir='ltr' id='par_1_11' title="bbox 0 0 1480 4934">
     <span class='ocr_line' id='line_1_39' title="bbox 0 0 1480 4934; baseline 0 0"><span class='ocrx_word' id='word_1_305' title='bbox 0 0 1480 4934; x_wconf 95' lang='lat' dir='ltr'><strong> </strong></span> 
     </span>
    </p>
   </div>
  </div>
 </body>
</html>
