2950 4934
118 462 123 470 ’
246 489 495 559 onustos.
520 489 771 560 stoicon.
796 491 892 559 nic.
916 489 946 558 1.
1066 483 1136 578 439

73 633 191 718 ‹liqnitas
210 631 265 692 hoc
283 632 431 713 postulat,
448 644 477 691 et
495 633 621 713 primum
639 652 839 713 summumque
862 629 933 690 illud
952 627 1137 687 rerum‘intcr

72 742 161 821 prima
175 739 243 800 diei.
265 740 392 799 Priorem
402 740 540 799 radonem
557 739 642 798 etiam
657 739 757 800 Cicero
770 738 910 819 expressit
922 733 985 818 (Dc
997 730 1110 811 Unio.)
1127 753 1136 790 c

74 874 88 900 a
100 847 157 921 Qui
164 838 356 928 intelligentie
365 844 575 926 sapientiaque
585 865 617 905 se
626 857 780 906 amatorem
791 845 957 926 profitetur,
969 861 1085 902 neccsse
1096 849 1139 898 est

73 951 211 1033 Sapientis
221 952 461 1034 intelligentisque
471 951 584 1013 Naum
594 950 638 1033 (id
648 965 710 1024 cst,
721 951 838 1034 Mundi)
844 952 951 1033 primas
961 970 1060 1009 causus
1070 969 1141 1006 con-

72 1058 185 1138 quirere
195 1081 204 1115 r
216 1057 321 1117 deinde
331 1057 575 1118 seeundasrerum
585 1079 685 1117 earum
693 1077 757 1139 que
769 1058 928 1118 necessario
937 1065 1052 1114 movent
1060 1053 1140 1124 alins,

72 1185 161 1243 mum
175 1164 243 1244 ipse
259 1164 295 1222 ab
308 1163 371 1224 eliis
383 1176 545 1224 novenam
561 1190 576 1218 »
592 1164 669 1224 Ades
687 1165 774 1248 igitur
789 1165 904 1238 animo,
921 1160 999 1222 etad
1012 1162 1068 1220 alta
1082 1158 1142 1218 hac

72 1281 158 1350 atque
167 1269 265 1330 divina
279 1291 393 1330 mecum
403 1270 583 1331 mansceudc.
597 1269 662 1331 Non
672 1271 749 1331 euim
762 1315 771 1345 ,
783 1283 816 1330 ut
832 1269 962 1352 plerique
981 1268 1030 1328 ulii
1045 1264 1143 1326 Philo-

73 1374 171 1455 sophi,
186 1398 278 1457 pauca
291 1389 321 1436 et
333 1376 431 1437 tenuia
444 1375 481 1436 de
497 1375 542 1435 his
563 1373 668 1451 Stoici,
683 1375 734 1436 sed
747 1376 871 1436 ubeffln
886 1387 915 1434 et
929 1385 1058 1433 accurate
1072 1372 1144 1431 scri-

72 1493 192 1560 pserunt
207 1505 216 1539 ε
233 1494 263 1540 et
277 1503 441 1562 Quisquam
456 1502 548 1561 pauca
570 1493 705 1556 exstent,
719 1481 876 1541 tamenvei
891 1501 926 1541 ex
943 1481 979 1539 iis
991 1477 1102 1538 videbis
1116 1489 1145 1536 ct

71 1586 239 1660 miraberis,
255 1607 312 1668 quo
335 1597 461 1646 mentem
485 1587 637 1661 uiuerint,
657 1598 686 1647 et
706 1607 794 1668 quam
816 1585 852 1645 ad
868 1587 957 1668 ipsius
980 1577 1050 1646 Veii
1070 1605 1145 1664 sape

71 1703 188 1751 metam.
212 1690 238 1750 0
260 1713 347 1773 qoam
366 1691 450 1751 decet
472 1713 639 1773 germanum
667 1687 892 1773 Philosophum!
911 1693 984 1772 qui,
1007 1702 1144 1772 qnantum

71 1808 185 1877 potest,
204 1823 219 1850 ι
238 1797 366 1856 animum
380 1795 528 1857 deducito
554 1818 696 1878 corpore,
713 1809 742 1857 et
758 1797 879 1856 multum
895 1817 961 1856 cum
976 1795 1093 1854 meliore
1111 1817 1145 1853 ac

72 1901 170 1962 divina
185 1914 266 1982 purte
278 1914 407 1962 versatur
428 1925 437 1960 c
456 1923 521 1962 cum
539 1901 593 1962 hnc
607 1903 725 1984 querula
748 1924 780 1962 ac
799 1901 911 1984 fragili,
932 1913 1070 1983 quantum
1091 1921 1147 1960 nc-

70 2027 151 2068 cesse
162 2019 217 2068 est.
231 2033 246 2061 s
260 2003 350 2088 (Seu.
368 2004 460 2088 Epist.
478 2004 626 2090 uxum.)
641 2008 742 2090 ltaque
758 2007 794 2067 de
808 2007 857 2068 illo
872 2027 940 2068 vere
954 2005 1067 2066 dicium:

217 2137 222 2147 ¹
240 2123 320 2172 lente
328 2123 394 2172 Deos
401 2119 476 2185 adiit,
487 2129 513 2172 et
520 2139 575 2191 qoe
585 2125 676 2174 Nature
685 2125 784 2192 negavit

237 2210 467 2275 Visibushumanis‚
479 2213 806 2284 mluespoctcrishausit.

71 2319 180 2396 Quidni
194 2333 290 2381 autem
305 2320 406 2380 adeat?
419 2322 497 2381 illinc
512 2335 609 2397 omns,
625 2323 693 2382 illuc
708 2322 785 2382 redit
799 2347 808 2382 c
824 2350 838 2376 o
852 2333 881 2383 et
893 2320 948 2382 hoc
961 2321 1048 2382 hahet
1061 2343 1152 2404 argu-

72 2439 204 2486 mentum
220 2425 374 2487 divinitatis
388 2447 445 2486 sue
463 2469 471 2500 ,
488 2427 566 2509 quod
583 2429 664 2490 illum
682 2428 779 2490 divina
795 2427 938 2490 delectent
950 2452 958 2488 ι
970 2449 1024 2488 nee
1035 2441 1068 2487 ut
1078 2429 1150 2487 alie-

70 2532 115 2590 nis
130 2534 270 2604 interest,
281 2531 333 2592 sed
345 2545 377 2591 ut
392 2533 461 2592 suis.
478 2559 492 2584 a
506 2530 629 2614 (Natur.
647 2534 752 2609 Quaest.
767 2534 800 2608 l,
819 2536 848 2594 in
862 2533 944 2594 Praei.
957 2533 970 2616 )
982 2535 1077 2614 Atque
1088 2555 1147 2592 non

70 2638 182 2716 capiet,
197 2638 319 2718 inquies.
340 2637 516 2711 Couahitur,
532 2651 562 2698 et
575 2638 622 2698 vel
634 2640 761 2722 vestigiis
772 2639 881 2721 aliquid
898 2640 1064 2722 indagasse,
1077 2638 1148 2720 quid

73 2755 237 2802 asecuttun
244 2743 322 2803 esse?
334 2743 503 2804 delectabit:
513 2744 678 2804 Aristoteles
687 2743 741 2804 hoc
753 2743 871 2826 pulchre
880 2746 938 2821 (De
947 2745 1113 2825 portauim.
1122 2745 1148 2818 1,

71 2869 138 2929 cap.
155 2846 258 2928 ult.)=
277 2875 291 2901 α
303 2846 341 2907 Et
353 2850 378 2908 si
391 2870 437 2908 ree
451 2851 583 2910 mortales
599 2851 667 2910 istas
680 2849 864 2931 insanasque,
881 2851 958 2932 quod
981 2872 1020 2910 eae
1032 2852 1151 2932 propio-

70 2976 117 3014 res
130 2955 218 3014 nobis
233 2968 262 3014 et
275 2956 367 3037 magis
383 2954 538 3016 familiares
555 2957 635 3029 sint,
651 2956 765 3037 plenius
780 2978 864 3016 nosse
877 2958 1018 3038 possimus
1035 2970 1151 3018 :umen

71 3084 120 3122 res
131 3062 199 3121 illas
211 3083 329 3142 superas
340 3063 365 3120 si
374 3062 420 3121 vel
432 3062 532 3121 leviter
541 3064 681 3145 attingere
696 3061 781 3122 datur
794 3107 803 3137 ,
816 3064 854 3122 oh
863 3065 924 3143 ejus
935 3065 1040 3124 notitiae
1052 3065 1154 3125 excel-

69 3171 215 3243 lentiam,
234 3169 283 3228 ssla
293 3169 355 3249 ipsa
367 3170 424 3228 levi
438 3171 528 3251 magis
539 3171 684 3250 poscimur
697 3183 727 3230 et
742 3171 934 3245 oblectamur,
952 3194 1038 3254 quam
1056 3173 1080 3230 si
1101 3173 1155 3232 istu

68 3278 210 3336 universe
224 3276 363 3334 norimus.
382 3275 447 3334 Non
463 3275 545 3336 aliter
559 3298 646 3356 quam
663 3277 837 3336 amatoribus
855 3278 969 3336 suavius
986 3279 1154 3352 est,'amicre

68 3405 129 3442 suae
151 3383 329 3463 valpertum
352 3382 435 3441 oculo
459 3381 606 3457 delibare,
627 3404 713 3463 quam
730 3383 851 3444 aliarum
869 3395 928 3443 tota
942 3385 1070 3444 membra
1089 3407 1156 3444 con

68 3512 191 3573 pusqae
208 3490 382 3570 inspicere.»
395 3487 533 3564 Pulchre,
547 3491 663 3571 inquam
675 3513 684 3548 ε
695 3502 724 3549 et
734 3501 844 3550 tantum
856 3491 975 3552 interest
984 3492 1058 3552 inter
1067 3503 1157 3552 utros·

68 3620 130 3679 quc
152 3597 220 3656 illas
246 3597 375 3668 notitias,
394 3609 533 3678 quantun
550 3597 624 3655 iuter
637 3595 756 3656 humum
778 3608 807 3656 et
826 3596 943 3670 calum,
960 3594 1104 3656 hominem
1128 3609 1155 3656 et

68 3705 185 3766 Deum.
209 3703 352 3764 Conemur
372 3703 460 3785 igitur
475 3690 490 3755 «i
504 3703 559 3762 alia
581 3701 698 3783 quidem
710 3700 762 3784 (ut
781 3725 847 3763 cum
866 3703 964 3763 Ocello
981 3703 1092 3776 dicum,
1110 3701 1156 3762 Dc

65 3812 176 3872 Natur.
192 3808 364 3891 Universi),
382 3811 466 3870 certis
476 3809 588 3869 indiciis
599 3811 745 3892 signisque
756 3812 792 3870 ab
804 3813 866 3890 ipsa
878 3811 985 3870 Natum
995 3811 1136 3870 discentes
1147 3835 1154 3880 ;

65 3919 125 3977 alia
140 3917 311 3997 opinatione
325 3917 428 3990 etiam,
442 3916 570 3975 Rationis
582 3917 704 3990 auxilio,
717 3915 796 3975 adid
810 3917 888 3996 quod
899 3917 1045 3998 probabile
1058 3930 1100 3976 est
1114 3917 1156 3975 iu·

63 4025 194 4084 tellectu
207 4022 346 4096 ducente,
357 3999 549 4104 assequentes.
567 4049 580 4074 n
590 4021 662 4082 Nam
675 4036 751 4083 certa
764 4036 793 4082 et
802 4023 887 4104 plena
899 4023 1001 4086 horum
1015 4024 1131 4082 seientia
1145 4069 1154 4097 ,

63 4134 119 4193 uni
138 4133 208 4192 Deo
222 4130 358 4190 convenit
375 4153 383 4188 a
400 4128 477 4211 quod
493 4130 572 4189 Plato
587 4131 639 4190 tibi
655 4130 732 4190 dieat
746 4128 800 4212 (ln
815 4129 958 4214 Apolog.)
978 4155 986 4190 ε
1007 4131 1153 4202 uitaret,

63 4241 148 4299 solus
161 4239 244 4298 Deus
253 4259 355 4298 revera
364 4237 478 4319 sapiens
488 4237 639 4298 habendus
650 4261 658 4298 ε
673 4249 703 4298 et
714 4236 840 4299 humana
854 4241 946 4300 omnis
956 4240 1109 4320 sapientia,
1125 4241 1154 4298 in
