2950 4934
275 469 342 552 taa
667 463 962 532 axcaarra

274 596 367 690 quod
380 613 502 665 notua
514 593 686 665 decido-at
695 647 707 681 ,
727 613 762 666 et
776 579 844 664 cito
858 598 1055 690 apponitur.
1072 597 1125 666 Ad
1144 621 1362 693 supervacua

275 711 418 782 sudam·
442 739 451 783 ε
475 711 535 780 itta
561 726 641 781 sunt
665 733 741 808 qnae
765 728 878 806 togam
904 726 1041 799 terunt,
1066 734 1142 806 quar
1167 737 1228 783 nos
1252 737 1364 783 aene-

274 855 370 899 eccrc
389 845 533 923 capent,
563 854 640 922 quae
659 831 696 898 in
713 830 826 899 aliena
844 830 1186 925 littoraimpingnnt.
1208 831 1260 900 td
1279 855 1362 900 ma·

272 972 357 1017 num
373 965 445 1035 eat,
464 945 558 1042 qaod
576 949 657 1016 satia
670 964 735 1016 eat.
752 949 787 1018 st
801 951 858 1017 cui
874 973 934 1019 eun
949 973 1020 1018 noa
1033 948 1194 1018 videatur
1207 950 1362 1042 amplie-

273 1067 379 1150 aima,
400 1066 482 1134 teet
503 1067 606 1134 totius
631 1063 752 1141 mundi
772 1063 929 1134 domiuus
953 1065 1015 1152 nit,
1037 1066 1139 1136 miser
1157 1082 1220 1134 eet.
1244 1067 1363 1134 Miser

272 1199 345 1267 eat,
368 1185 428 1276 qai
454 1208 492 1252 ae
517 1183 749 1252 beutiosimum
772 1206 842 1251 non
857 1181 1014 1277 judicat,
1043 1183 1123 1252 licet
1143 1185 1203 1253 toti
1224 1181 1362 1252 mundo

273 1298 432 1391 imperet.
456 1301 534 1366 Noa
550 1313 601 1366 eat
613 1297 755 1380 Mina,
778 1299 838 1390 qui
856 1297 944 1366 aeid
960 1320 1029 1367 non
1043 1313 1140 1391 putat
1153 1320 1237 1366 eoae.
1255 1297 1362 1366 Nihil

272 1412 473 1497 habeamus,
487 1413 581 1506 qaod
593 1437 671 1482 cum
683 1436 808 1508 magno
820 1413 1047 1482 emolumento
1058 1413 1249 1483 insidiantia
1262 1415 1360 1506 eripi

272 1532 392 1622 potuit.
406 1530 519 1624 Quam
536 1531 714 1598 minimum
727 1532 766 1598 in
781 1551 925 1624 corpore
941 1545 999 1598 tun
1012 1531 1057 1598 ait
1068 1530 1265 1622 apoliorum.
1282 1532 1363 1597 Ne-

273 1669 329 1712 mo
343 1643 388 1712 ad
399 1645 587 1714 humanum
597 1647 798 1738 sauguinem
811 1646 905 1714 venit
917 1661 1059 1738 propter
1073 1645 1204 1737 ipsum,
1219 1644 1275 1713 vel
1289 1643 1360 1713 ad-

274 1758 409 1828 modum
428 1761 540 1852 pauci.
557 1760 694 1828 Nudum
709 1758 796 1829 latro
812 1760 1009 1828 transmittit
1027 1785 1034 1824 :
1052 1760 1152 1850 ctiam
1166 1758 1361 1828 inobsessa

272 1876 329 1944 via
348 1876 491 1968 pauperi
509 1899 576 1968 pax
594 1891 657 1944 est.
678 1878 713 1943 la
729 1875 871 1944 maxime
888 1873 1018 1942 divitiis
1038 1873 1176 1954 fruitur,
1202 1875 1262 1965 qai
1286 1877 1361 1950 mi-

273 1993 366 2060 nime
378 1991 522 2086 indiget.
538 1993 574 2061 Si
584 1990 630 2058 ad
642 2008 797 2060 naturum
809 1992 915 2074 vivet,
929 2008 1104 2082 nunquam
1117 1992 1187 2060 eris
1199 2015 1357 2084 pauper:
1444 2033 1448 2047 ·

275 2111 302 2176 ai
319 2108 363 2176 ad
380 2110 575 2202 opinionem
589 2157 600 2189 ,
614 2131 789 2200 nunquam
801 2105 910 2176 dives.
932 2108 1097 2202 Exiguum
1117 2123 1238 2177 natura
1255 2107 1362 2178 deai—
1471 2101 1474 2126 “

273 2226 389 2305 derat,
410 2228 611 2294 immensum
633 2227 765 2319 opinio.
788 2225 824 2293 Si
847 2241 1055 2317 congeratur
1073 2228 1109 2293 in
1130 2243 1164 2296 te
1183 2224 1362 2320 quidquid

272 2339 370 2408 multi
387 2337 573 2432 locupletes
590 2339 837 2432 possederunt,
858 2340 885 2407 ai
905 2337 993 2406 ultra
1014 2341 1182 2433 privatum
1199 2345 1362 2434 pecuuiae
1473 2357 1474 2364 ’

254 2477 259 2488 ·
274 2458 410 2528 modum
423 2457 560 2526 fortuna
573 2474 607 2528 te
620 2457 806 2551 provehat,
822 2479 906 2524 auro
917 2471 1029 2550 tegat,
1045 2481 1198 2552 purpura
1210 2462 1357 2540 vestiat,

273 2597 313 2642 eo
328 2572 529 2641 deliciarum
544 2595 717 2666 opumque
732 2569 918 2665 perducat,
936 2571 1114 2664 ulterram
1128 2573 1360 2644 marmoribus

271 2671 480 2769 abocondao,
498 2713 566 2758 non
587 2705 717 2757 tantum
737 2689 838 2758 liceat
856 2686 1004 2772 habere,
1026 2685 1087 2757 aed
1105 2688 1236 2760 calcare
1255 2687 1380 2760 divi-·

272 2809 358 2892 tiae,
379 2804 544 2875 accedant
566 2821 683 2875 aaran
704 2820 739 2873 et
758 2807 920 2898 picture,
947 2822 982 2874 et
1008 2803 1178 2898 quidquid
1200 2831 1256 2876 ara
1282 2808 1359 2876 ulla

271 2924 413 2993 luxuriae
435 2947 520 2993 auro
543 2941 578 2994 et
601 2939 745 3020 argento
771 2922 979 3008 elaboravit,
1000 2923 1127 3018 majora
1155 2947 1281 3018 cupere
1308 2926 1361 2996 ab
1472 2983 1473 2988 ,

274 3042 328 3110 hia
347 3041 470 3110 discen.

321 3158 499 3258 Desideria
516 3159 705 3244 naturalia,
726 3159 824 3226 finita
839 3173 919 3228 aunt
936 3185 945 3224 ι
962 3181 1003 3227 ex
1017 3158 1101 3227 lalaa
1114 3160 1277 3253 opinione
1291 3185 1361 3230 na-

273 3276 422 3361 scentia,
447 3274 508 3344 ubi
528 3274 705 3354 desinant,
726 3299 797 3344 non
814 3274 954 3343 habent.
980 3273 1101 3343 Nullae
1118 3277 1211 3343 enim
1234 3279 1360 3344 termi-

273 3415 338 3458 nus
356 3391 439 3458 salso
457 3407 522 3459 eat.
540 3393 685 3460 Veritati
708 3391 840 3484 aliquid
866 3407 1051 3459 extremum
1075 3407 1128 3459 eat
1145 3417 1153 3456 :
1170 3409 1267 3460 error
1287 3392 1360 3459 im-

273 3530 409 3576 menoua
426 3522 489 3575 est.
505 3507 657 3577 Retrahe
668 3525 701 3577 te
716 3531 829 3601 ergon
843 3508 939 3576 vania
954 3533 961 3574 :
975 3524 1010 3577 et
1024 3531 1128 3600 quum
1142 3507 1237 3578 voles
1250 3509 1358 3591 tcire,
1471 3495 1472 3556 ἶ

271 3647 316 3691 an
336 3624 544 3706 naturalem,
567 3649 611 3693 aa
632 3649 753 3694 vanam
771 3623 897 3692 habeas
915 3623 1154 3718 cupiditatem,
1175 3623 1363 3694 considera

272 3763 352 3806 num
370 3738 495 3808 alicubi
513 3743 688 3809 conaiotnt.
708 3742 743 3810 Si
761 3738 862 3832 longe
877 3762 1057 3834 progresso
1073 3763 1208 3833 acmper
1220 3739 1360 3832 aliquid

273 3855 409 3949 longina
426 3872 549 3936 restat,
571 3858 657 3924 ocito
673 3854 709 3923 id
726 3855 881 3924 naturale
897 3880 966 3924 non
983 3879 1070 3924 ease.
1093 3857 1279 3948 Paupertas
1295 3879 1362 3924 ex-

272 3972 408 4066 pedita,
432 3997 551 4042 secura
564 3990 626 4041 eat.
645 3973 762 4064 Quum
784 3971 958 4041 classicum
980 3974 1126 4059 cecinit,
1144 3973 1208 4042 ecit
1226 3996 1296 4040 aon
1318 3997 1360 4042 ae
1470 4061 1471 4066 ἵ

268 4094 342 4185 peti
358 4117 365 4156 :
381 4115 484 4183 quum
499 4091 615 4182 aliquo
627 4089 870 4158 conclamatum
882 4105 951 4172 eat,
968 4089 1137 4182 quomodo
1149 4107 1245 4159 exeat
1254 4141 1265 4176 ,
1284 4113 1359 4160 non
1470 4103 1471 4120 ¹

274 4206 358 4296 quid
374 4206 510 4291 offerat,
528 4209 660 4298 qnaerit.
675 4208 718 4276 Aa
732 4231 837 4300 quant
852 4207 1081 4300 navigandum
1097 4225 1164 4292 cat,
1183 4231 1251 4276 nnn
1267 4224 1361 4276 etre-
