2950 4934
221 465 733 539 PflYslot..s.T01001t.
761 467 856 538 me.
882 465 934 537 11.
1050 463 1118 564 659

63 608 219 682 hominnm,
243 609 389 689 piscium,
412 608 548 668 mhorunt
563 630 572 666 s
587 606 920 690 adquoequodcumque
943 606 1119 670 fieriehillst

62 716 156 789 dehet,
171 715 351 796 exprimitis.
366 741 382 768 ι
393 715 468 776 Satis
482 715 558 775 clere
571 716 665 796 aperit
678 714 856 774 Platonicum
870 735 985 776 sensum
996 757 1005 788 ,
1018 725 1048 774 et
1057 716 1121 776 sin-

60 823 143 882 cerius
154 843 242 894 sone,
266 841 354 902 quum
367 819 528 902 discipulus
542 822 604 900 ejus
619 817 715 901 Lyceo
728 819 806 880 lecit.
824 820 877 880 llle
892 821 968 880 enin
983 820 1066 882 ldess
1079 824 1120 882 sie

61 928 159 1008 acepit
170 939 200 986 et
213 926 361 1008 prodidit,
377 928 460 1006 quusi
475 938 556 986 extre
571 926 753 986 Intellectum
767 947 820 1007 per
831 946 863 986 se
876 925 1079 1001 subsistentes,
1091 940 1121 988 et

60 1046 164 1115 agentes
174 1035 208 1092 in
222 1033 395 1106 Materiam,
411 1041 445 1092 ut
458 1031 584 1115 sigillum
598 1033 630 1092 in
644 1053 741 1092 ceram
755 1034 836 1094 solet.
853 1033 911 1092 Alii
929 1033 1079 1108 abnuunt,
1092 1049 1121 1098 et

61 1139 216 1199 Plutarchus
230 1140 328 1212 clare,
343 1160 381 1200 ex
395 1139 522 1198 Platonis
537 1151 635 1219 mente
648 1139 784 1199 describit
799 1162 807 1197 c
823 1166 837 1194 α
851 1139 936 1200 Idcas
947 1153 1090 1220 separatas
1104 1163 1121 1202 s

58 1243 169 1306 Moero
179 1289 190 1321 ,
202 1248 233 1306 in
247 1246 377 1306 semitm
391 1259 421 1306 ct
433 1239 650 1328 eogiustonious
664 1247 740 1321 Dei,
758 1245 790 1306 id
804 1259 865 1321 est,
880 1245 1008 1322 Mentis,
1023 1249 1120 1308 consi-

58 1361 134 1410 stere.
152 1377 165 1404 s
182 1352 217 1411 Iu
231 1351 314 1424 Deo,
332 1354 471 1433 inquom,
488 1347 565 1411 ldeas
580 1373 588 1410 z
607 1365 637 1411 et
650 1363 748 1412 uester
761 1354 801 1412 ita
814 1351 923 1413 Seneca
935 1351 1006 1435 (Ep.
1021 1351 1092 1433 nav)
1108 1377 1118 1412 s

61 1483 72 1508 ι
86 1455 150 1515 Haec
160 1456 337 1538 exemplaria
346 1479 442 1517 nerum
452 1459 580 1516 omnium
589 1457 671 1516 Deus
680 1459 756 1517 intra
768 1457 896 1518 sehabet
908 1499 916 1532 ,
929 1479 1120 1546 numerosque

58 1563 245 1624 universomm
254 1585 317 1644 qim
326 1561 437 1646 agenda
449 1576 537 1637 sunt,
553 1576 582 1624 et
594 1563 694 1624 modos
705 1575 802 1624 mente
815 1565 1023 1646 complectitur.
1047 1567 1119 1626 Ple·-

57 1689 104 1726 nus
116 1667 159 1728 his
172 1670 272 1752 liguris
282 1681 326 1730 est
336 1712 345 1744 ,
357 1689 430 1750 quas
444 1669 524 1730 Plato
539 1669 624 1728 Ideus
638 1669 785 1750 appellat,
800 1670 974 1730 immortales
987 1714 996 1744 ,
1010 1672 1121 1732 immu-

57 1772 167 1848 tabiles,
184 1773 385 1857 infatigabiles.
404 1775 504 1855 Itaque
517 1771 647 1836 homiues
662 1775 779 1854 quidem
792 1789 934 1855 pereunt,
947 1777 1009 1856 ipsa
1025 1791 1120 1838 sutem

55 1881 218 1944 Humanitas
230 1925 240 1956 ,
253 1882 291 1941 acl
301 1900 389 1963 quum
399 1880 484 1940 homo
495 1882 649 1962 efflagitata,
665 1893 825 1961 persumet.
841 1907 855 1933 u
868 1880 925 1942 Sed
939 1881 1037 1958 dices,
1053 1903 1122 1966 ergo

56 1990 128 2049 saria
140 1990 194 2049 ista
207 1991 240 2048 in
253 1989 317 2048 Deo
333 1999 364 2048 et
378 1987 509 2060 diversa,
521 1987 571 2067 qui
587 1998 663 2046 totus
676 1987 772 2046 unitus
786 1998 850 2061 est,
867 1998 897 2046 ct
913 1988 1121 2069 simplicissimo

56 2095 171 2156 natus?
184 2094 289 2156 Nostro
301 2113 388 2154 sensu
399 2135 409 2167 ,
422 2094 522 2152 vane:
538 2091 590 2152 sed
600 2092 632 2150 in
641 2091 706 2152 Deo
715 2113 774 2152 una
785 2105 828 2152 est
839 2091 909 2153 Idea
920 2104 949 2152 et
959 2094 1119 2174 exemplar,

54 2199 81 2258 in
93 2202 176 2260 rebus
186 2200 307 2282 siugulis
317 2209 415 2258 tamen
430 2195 613 2277 disputanda.
629 2195 831 2278 Trismegistus
845 2195 899 2256 hoe
910 2197 983 2259 vidit
993 2198 1032 2279 (e.
1050 2198 1120 2282 tt):

58 2333 71 2358 ι
83 2307 173 2368 Unam
187 2306 277 2367 habet
290 2307 389 2368 Ideam
403 2305 483 2365 Deus
496 2347 507 2379 ,
522 2325 584 2385 spise
599 2305 661 2382 ejus
676 2315 720 2364 est
732 2304 870 2385 propria,
888 2325 950 2386 que
966 2326 1019 2364 nee
1031 2307 1121 2366 oculis

55 2414 196 2492 suhjacet,
212 2426 325 2495 utpote
346 2415 513 2493 incorporea
529 2435 538 2470 s
558 2423 588 2470 et
601 2431 700 2470 omnes
724 2410 808 2470 ldeos
823 2431 875 2493 per
891 2433 1010 2492 corpora
1023 2425 1120 2474 mesen

56 2521 181 2584 ostendit.
202 2548 216 2576 s
235 2519 343 2581 Audis?
359 2520 394 2580 lu
409 2517 574 2599 corporibus
589 2516 659 2577 Idea
672 2516 782 2592 vomat,
795 2518 825 2577 in
840 2518 903 2577 Deo
918 2530 961 2578 est
973 2541 1041 2578 una.
1058 2521 1121 2580 Neu
1237 2537 1241 2550 ·

55 2628 90 2687 itn
99 2641 130 2688 ut
139 2631 171 2690 in
182 2629 248 2691 loce
260 2628 314 2688 sita
326 2668 335 2701 ,
350 2625 429 2708 quod
438 2625 514 2686 idem
524 2625 724 2684 Termaximus
734 2623 868 2683 amolitur
878 2621 1003 2704 (lbid.):
1020 2653 1034 2678 α
1046 2625 1123 2686 Om-

53 2735 97 2794 nin
109 2748 176 2796 sunt
189 2737 221 2794 in
234 2735 318 2807 Deo,
332 2755 392 2795 non
405 2745 439 2792 ut
450 2731 515 2792 loco
528 2732 593 2792 sita.
613 2756 627 2783 s
643 2729 793 2805 Quomodo
807 2728 916 2812 igitur?
933 2755 948 2782 a
965 2730 996 2788 in
1010 2733 1122 2812 cogita·-

52 2841 125 2902 tiene
137 2844 318 2921 incorporea.
333 2867 346 2894 a
359 2839 550 2902 Consentiunt
560 2857 629 2896 sane
639 2836 699 2896 haec
710 2858 776 2898 cum
789 2836 926 2910 Platone,
939 2847 1025 2918 strue
1035 2836 1119 2912 odeo,

53 2968 113 3008 cum
128 2947 287 3021 Chaldaeis,
305 2948 336 3006 'si
356 2945 430 3006 forte
450 2946 487 3004 ab
503 2946 539 3004 iis
559 2943 664 3003 hausit.
688 2941 799 3002 Psellus
814 2965 823 3000 ε
848 2970 861 2996 e
880 2942 964 3004 ldess
978 2957 1095 3004 censent
1108 2987 1118 3022 ,

53 3051 133 3112 modo
146 3055 240 3116 Patris
254 3054 462 3136 cogitationes,
477 3051 564 3112 modo
577 3051 712 3112 Universi
726 3051 850 3110 rationes
873 3051 1036 3125 naturales,
1051 3053 1121 3112 sni·-

52 3159 146 3234 males,
159 3173 191 3224 et
199 3158 417 3232 intellectuales,
432 3157 616 3218 modoetiam
627 3159 782 3218 abstractos
792 3156 905 3216 erebus
914 3157 1117 3218 substantias.»

52 3262 104 3323 Sed
117 3281 147 3326 et
159 3289 229 3328 cum
250 3267 378 3327 veritate
400 3267 462 3347 ipsa
478 3265 681 3338 consentiunt,
698 3264 788 3344 probe
813 3275 939 3344 accepta.
965 3265 1120 3346 Dionysius

50 3383 141 3432 nester
150 3346 240 3432 Idcas
248 3373 376 3455 agnoscit
386 3410 396 3445 ,
408 3383 438 3430 et
448 3370 548 3430 definit
560 3393 568 3428 s
584 3395 598 3424 s
611 3369 813 3453 prefinitiones
824 3381 853 3430 et
864 3368 1022 3430 voluntates
1035 3372 1089 3432 Dei
1101 3400 1117 3427 ι

50 3472 79 3532 in
90 3476 177 3537 rehns
192 3497 299 3559 nempe
310 3476 478 3538 condendis.
492 3475 533 3537 Et
542 3487 651 3536 centum
663 3516 672 3548 ,
685 3476 796 3556 species
809 3478 839 3536 in
855 3477 917 3538 Deo
931 3499 1025 3540 renim
1036 3499 1120 3553 esse,

48 3581 84 3642 od
95 3605 168 3665 qum
182 3583 297 3646 bama.
313 3583 449 3645 Boethium
462 3582 534 3666 (lib.
553 3582 598 3644 111
612 3584 657 3642 De
673 3580 811 3664 Consul.)
826 3606 834 3640 s

412 3750 570 3769 ..........
584 3723 612 3768 tu
622 3721 711 3768 cuncta
720 3733 825 3788 supereo

212 3810 289 3862 Ducis
298 3809 331 3860 sb
339 3809 453 3878 exemplo
465 3828 472 3858 ε
485 3807 616 3878 puloloum
625 3807 802 3878 pulcherrim
813 3811 864 3878 ipsa

212 3899 333 3952 umnam
344 3907 426 3952 mente
435 3917 533 3970 ὅσω,
546 3899 667 3967 similique
679 3900 705 3948 in
718 3900 823 3968 imagine
837 3899 952 3952 sermons.

46 4027 101 4087 Sed
115 4039 145 4088 et
161 4029 341 4110 Augustinus
363 4028 483 4087 sssesusit
492 4026 505 4109 (
515 4026 670 4100 Quesston.
684 4025 774 4108 xsvs)
791 4049 799 4084 s
819 4051 832 4080 u
847 4025 1031 4111 sacrilegium
1045 4031 1118 4110 quia

45 4129 110 4190 dem
124 4149 213 4202 esse,
230 4129 394 4188 existimare
412 4127 491 4210 quod
514 4126 589 4187 ldese
608 4129 666 4186 siut
684 4139 767 4188 extre
789 4141 913 4188 mentem
930 4129 1054 4190 divinam
1071 4131 1119 4201 ;si

45 4247 141 4298 hasen
156 4236 264 4308 Plato,
281 4236 394 4316 inquit,
410 4236 440 4294 in
460 4236 521 4316 ipss
534 4234 651 4314 posuit,
666 4255 749 4294 veras
763 4243 824 4294 tum
840 4234 922 4296 ldens
940 4239 1091 4300 assensisse
1108 4262 1118 4310 3
