2950 4934
299 420 546 493 Ριιιειοι.
573 416 825 491 srorcou.
852 418 951 487 ιιιι.
976 418 1032 485 ιι.
1136 398 1203 487 διε

122 552 192 612 mlo
205 550 379 632 exceptum?
394 570 454 610 non
468 561 563 625 terra,
579 566 639 607 uon
655 548 771 621 celum,
788 558 846 605 non
863 555 939 605 totus
953 543 1001 603 bic
1014 562 1112 603 rerum
1130 564 1207 603 con-

122 669 240 732 textos,
266 658 397 738 quenwb
418 655 483 715 Deo
504 666 608 737 egente
628 652 761 713 ducatur.
787 648 851 711 Non
867 668 982 731 semper
1001 649 1111 709 tenebit
1130 649 1208 709 bunc

122 766 280 837 ordinem,
298 764 350 825 sed
363 762 445 823 illum
461 782 500 823 ex
519 760 578 821 boc'
598 781 684 821 cursu
698 758 803 841 uliquis
825 758 887 818 dies
902 756 1029 837 dejiciet.
1050 783 1064 810 ι
1082 756 1140 817 Sed
1156 756 1210 817 od-

124 870 217 930 debnt
240 870 327 929 ctiam
352 867 484 929 Laertius
499 912 508 942 ,
537 868 569 927 io
592 867 729 934 damu,
755 878 784 924 et
807 884 861 947 pro
886 864 1019 945 exemplo
1037 886 1045 935 ;
1071 865 1213 925 marescal

123 977 203 1037 enain
216 986 247 1036 et
263 976 425 1037 namur.
442 960 598 1055 Apposite,
615 973 675 1033 dno
690 972 778 1033 exitia
793 993 860 1032 curn
875 983 1011 1045 manent,
1029 972 1089 1031 sive
1103 970 1210 1052 Aque,

125 1087 190 1144 sive
203 1084 307 1167 ignis:
325 1096 354 1143 et
366 1083 516 1164 uniusque
529 1083 588 1161 jam
603 1100 681 1141 nunc
694 1082 777 1163 signa
791 1078 877 1152 olibi,
891 1092 920 1138 et
934 1079 1023 1151 alias,
1040 1080 1137 1137 mittit.
1150 1076 1209 1138 Hic

122 1212 209 1273 aquo
224 1166 382 1261 deliciunt,
400 1200 430 1249 et
447 1190 560 1248 siccitas
581 1201 610 1247 et
623 1187 758 1247 sterilitas
774 1185 961 1268 supervenit,
978 1185 1019 1244 ibi
1040 1184 1207 1258 abundant,

126 1310 158 1357 et
171 1297 248 1356 bona
261 1306 343 1374 terrae
356 1294 494 1377 perdunt.
509 1293 579 1353 Haec
594 1293 674 1353 velut
687 1293 734 1353 ria
749 1293 787 1353 ad
803 1292 851 1351 iilo
868 1290 957 1351 ducit.
976 1290 1101 1351 Plinium
1117 1290 1184 1350 audi
1200 1334 1208 1363 ‚

125 1405 181 1486 qni
191 1404 290 1464 scribit
302 1402 372 1485 (lib.
387 1398 447 1463 Vll
458 1446 467 1476 ,
480 1421 545 1482 cap.
564 1396 620 1482 16)
633 1443 641 1474 ,
656 1399 746 1459 multa
758 1402 788 1458 in
800 1399 861 1458 dies
873 1399 984 1472 minui,
1000 1410 1211 1457 «consumente

125 1512 288 1570 ubertatem
302 1510 446 1569 uminum
460 1504 639 1579 Exnstione,
650 1507 680 1565 in
692 1506 776 1584 eujus
789 1506 868 1565 vices
881 1524 959 1563 nuno
970 1514 1069 1586 vergat
1078 1524 1179 1562 coram.
1196 1528 1210 1557 n

125 1618 271 1677 Homines
287 1628 374 1697 atque
388 1614 444 1675 ulia
458 1616 589 1687 minore,
606 1612 716 1694 quare?
736 1613 805 1693 quio
817 1609 938 1671 Exustio
952 1612 1090 1693 paulatim
1104 1630 1212 1691 approe

125 1725 269 1806 pinquat,
285 1737 314 1784 et
334 1724 494 1784 ubertatem
510 1723 652 1791 seminum
665 1721 800 1780 absumit.
821 1719 905 1779 ldem
919 1721 950 1779 in
966 1718 1050 1779 AEtna
1066 1720 1211 1802 ignivomo

126 1844 211 1891 notat
226 1855 235 1891 a
253 1858 267 1885 a
283 1832 344 1892 Nec
369 1843 502 1905 tanturn,
519 1832 614 1912 inquit
627 1829 698 1912 (ll,
717 1850 780 1910 cap.
798 1825 857 1911 6),
875 1830 905 1887 in
921 1828 968 1887 illa
989 1828 1098 1887 Natura
1113 1828 1207 1901 serit,

126 1936 320 1998 Exustionem
336 1940 421 1998 terris
436 1937 639 1998 denuncians»
658 1960 667 1994 2
685 1948 752 1994 sunt
767 1936 843 1994 enim
860 1935 958 2016 plores
972 1934 1111 2013 ejusmodi
1126 1954 1212 1993 mon·

126 2059 198 2117 tes';
214 2058 300 2126 utque
321 2046 381 2104 haec
403 2046 499 2106 omnia
514 2045 615 2127 signu,
632 2055 682 2103 aut
695 2055 767 2102 notae
792 2041 987 2122 inpartibus,
1007 2040 1107 2101 iuturae
1127 2062 1212 2100 com-

128 2154 231 2211 munis
247 2152 327 2212 iilius
340 2152 508 2212 exustionis.
532 2150 622 2211 Vides
638 2149 763 2210 Plinium
779 2194 787 2223 ,
810 2151 840 2209 in
863 2150 1032 2231 capitalibus
1046 2148 1212 2231 dogmatis,

127 2258 280 2318 bonafide
301 2256 427 2317 Stoicum
452 2258 534 2318 esse?
559 2256 668 2317 Seneca
692 2254 940 2339 claudat(Epist.
959 2253 1048 2337 nxxr)
1065 2277 1074 2313 ι
1092 2282 1106 2308 ι
1127 2254 1215 2329 Quu-

129 2386 256 2445 cumque
270 2364 352 2423 rides
364 2385 451 2445 supra
465 2385 518 2423 nos
531 2384 665 2438 currere,
680 2376 709 2423 et
720 2362 779 2423 baec
794 2363 899 2443 quibus
914 2362 1007 2421 innixi
1021 2374 1107 2442 atque
1117 2362 1212 2443 impo-

130 2470 180 2531 siti
192 2492 302 2545 sumus,
315 2482 482 2552 carpentur,
491 2493 524 2531 ac
535 2470 679 2531 desinent.
695 2468 775 2529 Nulli
787 2491 846 2529 non
859 2482 991 2529 senectus
1002 2490 1052 2527 sua
1063 2480 1116 2528 est.
1136 2494 1150 2521 ι

452 2671 771 2755 ιιιιιιιιιιιιιο
799 2670 894 2733 xxr.

133 2828 395 2908 Duph'cr'tcrc'nterit
402 2872 409 2896 ,
423 2824 510 2908 Aquo
519 2825 636 2903 etIgne.
650 2822 781 2885 Pn‘mum
793 2826 827 2884 de
838 2824 938 2909 Aqua,
953 2826 1008 2885 sice
1020 2820 1210 2904 Cotoclysmo.

177 3014 343 3085 Ssnrmos,
360 3034 428 3095 ergo
446 3026 475 3072 et
490 3034 577 3073 mors.
593 3012 650 3073 Sed
665 3036 723 3095 qun
735 3016 783 3073 via
796 3015 896 3074 morsi
919 3015 1046 3097 duplici,
1070 3026 1103 3073 ut
1114 3016 1212 3097 tetigi,
1321 3014 1324 3027 '

134 3122 225 3201 Aquas
239 3131 290 3177 aut
300 3119 379 3201 ignis
393 3142 402 3189 ;
415 3121 491 3192 sive,
505 3119 613 3178 Diluvii
630 3121 676 3180 vel
688 3119 864 3180 Exustionis.
880 3120 937 3181 Sed
951 3140 1016 3180 cum
1031 3120 1211 3193 discrimine,

134 3225 215 3308 quod
230 3224 279 3284 illa
297 3227 378 3308 prior
399 3226 588 3285 animantium
603 3237 732 3301 tontum,
749 3240 786 3287 et·
801 3226 917 3309 frugum
938 3226 1141 3308 fructuumque
1155 3229 1212 3301 sit,

135 3346 189 3393 aut
200 3346 262 3414 qnae
276 3334 307 3392 in
327 3345 403 3392 terra
417 3346 477 3395 sata
492 3357 500 3404 3
517 3333 575 3393 baec
598 3334 700 3393 ultima
714 3334 804 3415 ipsius
819 3347 921 3409 terre,
940 3336 1166 3410 elementorum,
1186 3348 1227 3394 et⁴

135 3440 253 3501 Mundi.
268 3440 369 3521 Itnque
378 3460 482 3522 magna
492 3438 551 3499 baec
564 3461 642 3499 mors
656 3454 709 3515 est,
726 3452 755 3501 et
764 3442 892 3502 omnium
908 3442 977 3513 ;illa
991 3445 1096 3516 minor,
1110 3454 1138 3503 et
1149 3464 1212 3523 quae

136 3561 233 3632 partes
250 3547 337 3609 modo
358 3549 459 3630 tangit.
484 3543 528 3606 Ile
550 3559 671 3629 utraque
693 3550 747 3609 ista
773 3548 873 3609 Cicero
894 3549 952 3631 (In
967 3550 1064 3612 Somn.
1086 3548 1212 3632 Scip.):

139 3686 155 3711 a
168 3656 289 3737 Propter
301 3655 449 3717 eluviones
457 3655 680 3736 exustionesque
688 3667 846 3731 terrarum,
860 3678 931 3737 qums
946 3656 1075 3717 accidere
1087 3668 1215 3739 tempore

136 3775 219 3826 certo
231 3782 348 3821 necesse
363 3774 422 3833 est,
438 3782 497 3820 non
512 3761 599 3821 modo
614 3780 673 3821 non
686 3774 839 3835 aternam,
854 3761 906 3822 sed
919 3784 956 3823 ne
970 3761 1133 3823 diumrnam
1148 3767 1216 3845 qui-

138 3871 206 3931 dem
227 3869 345 3952 gloriam
366 3871 479 3949 assequi
501 3890 663 3949 possumus.
676 3894 691 3922 ι
711 3869 781 3943 Quae
795 3882 891 3927 tamen
910 3890 963 3950 pro
983 3869 1107 3928 Plutonis
1129 3889 1215 3929 sensu

138 3979 217 4039 dicta
225 3977 312 4037 modo
323 3977 385 4037 vult
394 3975 559 4035 Macrobius
568 3975 639 4057 (lib.
652 3974 721 4058 ΙΙ),
735 3988 768 4037 ut
782 3997 912 4036 crescens
927 3975 1040 4049 humor,
1054 3978 1113 4035 sive
1130 3978 1225 4060 ignis,¹

140 4087 213 4145 alter
226 4087 347 4145 alterurn
362 4086 480 4150 vincat:
499 4111 513 4137 α
526 4083 577 4144 sed
593 4104 741 4162 nunquam
757 4095 870 4157 tamen,
884 4104 936 4143 scu
950 4084 1061 4156 cinvio,
1077 4106 1128 4143 seu
1142 4107 1217 4145 enu-

140 4193 215 4267 stio,
229 4214 328 4252 omncs
338 4204 444 4265 terras,
461 4202 509 4249 aut
522 4211 607 4249 omne
621 4189 770 4251 bominum
781 4212 887 4273 genus,
900 4190 946 4250 vel
960 4190 1077 4251 omnino
1088 4192 1197 4270 operiat
1208 4234 1231 4263 „
