2950 4934
280 384 344 468 184
564 382 604 453 L.
630 383 814 454 ANNAEI
838 375 1061 454 SENECAE

273 513 318 580 ab
330 537 391 595 eo,
408 513 597 606 cujusante
610 539 690 608 pars
712 515 854 600 fueris¹3
875 539 973 608 aequo
992 515 1105 582 animo
1120 512 1273 582 membra
1281 515 1355 607 jam

274 651 482 720 supervacua
495 627 642 712 dimitte,
653 644 687 698 et
698 629 793 698 istud
802 655 926 724 corpus
936 629 1163 699 inhabitatum
1174 627 1234 696 diu
1246 653 1354 722 pone.
1398 677 1401 682 -

217 768 248 816 α7
273 743 467 827 Scindetur,
494 745 670 828 obruetur,
694 745 902 814 abolebitur.
928 743 1025 838 Quid
1051 745 1286 814 contristaris?
1306 745 1354 812 ita

274 862 361 930 solet
382 857 476 930 fieri!
501 877 647 954 pereunt
669 867 782 954 saepe²
805 861 996 931 velamenta
1011 862 1234 931 nascentium.
1256 859 1356 953 Quid

274 978 338 1046 ista
360 978 410 1044 sic
422 976 559 1071 diligis,
584 978 682 1070 quasi
706 979 788 1044 tua?
806 979 878 1046 istis
896 995 1034 1072 opertus
1048 973 1109 1046 esl
1130 977 1274 1057 Veniet,
1291 977 1354 1068 qui

274 1108 308 1160 te
322 1093 475 1178 revelet,
492 1091 586 1178 dies,
608 1108 644 1160 et
662 1117 705 1161 ex
717 1093 944 1164 contubernio
959 1093 1039 1164 sedi
1057 1107 1160 1186 atque
1174 1091 1257 1160 olidi
1269 1107 1356 1160 ren-

276 1212 337 1281 tris
347 1188 490 1279 'educat

323 1326 413 1395 Hinc
425 1351 517 1395 nnnc
530 1351 667 1419 quoque
681 1343 735 1412 tu,
752 1344 917 1420 quantum
931 1344 1050 1422 potes,
1067 1324 1205 1396 subvola
1218 1353 1228 1410 3
1243 1325 1354 1392 caris-

274 1435 364 1536 que³
384 1446 542 1539 etiamne
560 1446 759 1514 necessariis
773 1443 907 1514 cohmre
916 1495 927 1528 ,
943 1461 982 1513 ut
997 1435 1166 1538 alienns‘.
1182 1445 1256 1510 Jam
1271 1439 1356 1508 hinc

273 1559 375 1628 altius
386 1547 1354 1651 aliquidsuhlimiusque⁵meditare.Aliquando‘naturae

275 1676 338 1744 tibi
350 1699 473 1744 amana
483 1692 699 1770 relegentur,
709 1675 914 1744 discutietur
925 1677 989 1744 ista
1002 1675 1125 1768 caligo,
1142 1690 1175 1742 et
1186 1674 1241 1742 lux
1254 1671 1356 1740 undi-

275 1816 342 1883 que
352 1791 442 1859 clara
461 1793 639 1884 percutiet.
653 1793 845 1884 Imaginare
863 1807 973 1858 tecum
983 1841 993 1876 ‚
1005 1804 1152 1882 quantus
1163 1787 1219 1856 ille
1230 1789 1275 1855 sit
1289 1785 1355 1854 lul·

219 1927 250 1978 28
276 1931 351 2001 gor,
370 1922 416 1974 tot
432 1906 601 1974 sideribus
618 1908 708 1974 inter
721 1894 758 1974 se
772 1907 886 1975 lumen
902 1905 1135 1976 miscentibus.
1148 1903 1249 1972 Nulla
1262 1925 1355 1970 sere-

234 2049 239 2058 ’
275 2047 356 2092 num
365 2017 1353 2117 umbraturhubit3aequalitersplendebitomnecaelilatus3

312 2249 788 2322 1.Nunctibinoaeunocum-suerii·
837 2251 935 2320 inquit,
949 2263 973 2306 et
987 2247 1102 2304 intricati
1114 2248 1222 2302 varietas
1235 2245 1354 2300 lectionis
1373 2303 1376 2309 f

274 2332 336 2382 Non
351 2330 401 2383 boc
421 2329 468 2382 tibi
485 2341 522 2381 est
537 2349 634 2382 novum
646 2347 654 2382 t
665 2349 723 2380 nam
736 2329 787 2401 jam
837 2343 861 2383 et
875 2327 1084 2384 emendationum
1096 2341 1141 2382 est.
1150 2327 1258 2400 Vulgata
1270 2323 1354 2377 olim:

274 2410 336 2461 olim
348 2422 474 2483 seperatus
486 2427 513 2462 es
521 2428 537 2460 s
546 2419 633 2462 ventre
647 2408 732 2461 nauis
743 2427 787 2460 en·
835 2409 1078 2476 subsulutarisquoe
1086 2411 1141 2460 nisi
1147 2410 1227 2460 enirm
1236 2421 1353 2458 mssa·

274 2489 313 2561 jus
325 2509 380 2561 pars
392 2508 454 2542 eras.
836 2491 885 2541 riis
905 2488 961 2544 coit.
982 2487 1057 2542 Unde
1079 2488 1151 2540 Pine.
1169 2487 1277 2539 subnoto
1293 2484 1353 2536 :ab

309 2563 330 2622 i.
340 2567 416 2637 Serpa
428 2579 488 2622 vett.
502 2567 559 2620 libr.
572 2587 668 2620 omnes
678 2566 789 2636 Semper
835 2569 897 2620 aliis
911 2568 965 2618 nisi
978 2585 1039 2636 quoe
1049 2569 1131 2619 diam
1144 2565 1303 2618 necessariis.
1318 2561 1353 2612 At

274 2645 333 2698 ctu.
351 2667 383 2700 ea
399 2647 517 2702 Pineisni
534 2646 709 2719 eonj.AEque
719 2665 789 2700 eon-
825 2656 893 2696 uass
908 2642 957 2714 pal.
972 2655 997 2695 et
1008 2643 1137 2696 Gmnovii
1153 2659 1162 2694 ι
1176 2640 1352 2694 mustum

275 2721 462 2792 jectabatGrnt.
472 2721 553 2775 Schts.
835 2723 977 2788 praiutipue
986 2723 1196 2788 necessarimm
1206 2717 1351 2771 euhantis.

308 2800 331 2852 3.
344 2798 475 2865 δώσω
491 2803 627 2868 carisque,
639 2809 685 2852 etc.
697 2797 785 2850 Scbw.

274 2883 301 2932 in
319 2893 412 2932 textum
433 2879 521 2932 inserit
540 2879 667 2951 duplicent
691 2877 786 2932 lectiu-

274 2979 334 3012 nem
349 2977 355 3011 :
370 2959 509 3028 Carispue,
525 2960 582 3017 nisi
596 2960 678 3009 etiam
696 2974 785 3008 neces-

274 3041 367 3098 sariis,
381 3037 452 3104 [sive
466 3037 586 3104 carisque
599 3038 681 3086 etiam
689 3052 724 3086 ae
734 3053 785 3088 ae-

272 3116 425 3182 cessuris's]
441 3117 540 3176 luens,
561 3111 662 3180 inquit,
678 3111 706 3162 in
726 3123 784 3163 vett.

273 3195 330 3248 libr.
343 3193 461 3247 omnibns
476 3193 565 3245 misere
582 3205 731 3266 corruptus,
756 3192 784 3246 in

273 3296 324 3346 quo
336 3274 401 3326 latus
413 3271 565 3344 conjecturis
579 3289 687 3340 campus.
697 3268 784 3342 Vulgo

274 3377 302 3406 ea
315 3352 392 3426 lipsii
407 3349 517 3403 maxime
534 3349 640 3417 conject.
656 3349 786 3401 subvolas

273 3436 360 3501 utique
367 3435 448 3483 etium
457 3429 616 3492 necessariis,
628 3445 687 3495 quoe
696 3426 785 3478 cota-

274 3512 379 3573 rebunt,
399 3511 511 3560 abinus.
530 3508 579 3558 Ms.
598 3527 624 3556 a.
640 3506 676 3557 sic
691 3505 783 3568 babet,

273 3591 454 3656 subvoluptari
462 3606 521 3657 (μαι
531 3589 585 3638 nisi
592 3604 653 3655 quoe
661 3603 785 3637 necessa·

835 2797 904 2850 Hinc
916 2797 1031 2851 Gronov.
1045 2798 1104 2851 lceit
1115 2814 1122 2849 ε
1132 2797 1202 2850 Hine
1212 2814 1279 2848 nuere
1287 2814 1352 2864 quo·

834 2893 883 2944 que
902 2885 946 2942 tu,
967 2885 1097 2944 quantum
1114 2884 1203 2943 potes,
1222 2872 1351 2924 subvolas

833 2957 903 3006 caris
914 2973 1015 3024 qouque
1025 2953 1228 3024 necessariisque
1237 2949 1349 3010 caboere,

834 3023 863 3086 ut
873 3031 984 3090 alienus.
997 3034 1104 3087 Manum
1116 3031 1236 3084 abstineo.
1248 3027 1341 3080 nult.

866 3113 1014 3178 scolae,
1029 3121 1059 3166 ut
1070 3117 1181 3167 alienus.
1195 3111 1244 3162 lnt.
1257 3109 1295 3160 sie
1309 3107 1351 3159 vel

834 3191 927 3244 arnicas
937 3206 963 3244 et
976 3191 1197 3245 necessariostnos
1212 3185 1291 3260 dilige
1304 3199 1350 3255 ‚ut

834 3291 877 3323 eos
890 3272 974 3343 primo
988 3270 1056 3340 jussu
1065 3273 1173 3324 lortunae
1185 3267 1326 3322 relicturus.

867 3353 891 3402 5.
910 3353 1000 3403 Altius
1024 3351 1131 3419 aliquid
1151 3349 1351 3415 sublimiusque.

834 3429 900 3480 Nem
923 3429 1044 3488 videtur,
1068 3425 1153 3498 inquit
1173 3423 1351 3488 Themistius,

834 3507 913 3580 ipsum
921 3515 963 3560 τοῦ
972 3505 1123 3568 &autsimul
1138 3517 1188 3570 est,
1200 3501 1287 3556 mortis
1300 3521 1349 3553 no-

834 3606 906 3648 rnen,
923 3587 1078 3638 imminente
1091 3583 1142 3636 vita
1157 3581 1309 3652 migrantem
1321 3578 1349 3630 in

273 3663 785 3738 n'isqaecohoerebiratienusblecuub»
834 3665 941 3718 sublime
959 3665 1046 3730 ferres
1059 3663 1094 3716 ut
1112 3663 1159 3714 ἅνω
1176 3666 1208 3722 εἰς
1226 3661 1302 3725 θοὴν,
1322 3657 1350 3709 id

273 3751 331 3802 oola
346 3747 441 3815 rabiem
457 3747 510 3796 nisi
525 3765 542 3795 a
557 3746 709 3796 necessariis
725 3763 785 3812 quoe
835 3755 869 3795 est
881 3763 978 3796 sursum
992 3743 1024 3794 ad
1036 3743 1121 3794 Deum
1133 3740 1233 3792 vehere.
1246 3739 1321 3806 Lips.

272 3819 606 3876 whoerebanratienus.sed
614 3820 783 3884 lanariorum,
869 3823 893 3874 6.
909 3823 1109 3890 Aliquantum...
1125 3828 1273 3888 relegentur.
1290 3815 1349 3866 lloe

272 3903 383 3970 itemque
395 3899 472 3964 alius,
483 3918 546 3968 quos
555 3898 707 3949 transvolare
717 3918 786 3949 nunc
836 3899 916 3952 Stoici
928 3919 1000 3972 agera
1011 3897 1136 3950 volebant·
1145 3893 1267 3948 Animum
1276 3895 1350 3946 astris

273 3997 360 4050 cogor,
370 3977 420 4028 alio
429 3989 550 4046 tempore,
560 3975 581 4026 si
588 3976 647 4028 Deo
655 3976 785 4048 placuerit,
836 3977 970 4044 sociatum,
986 3976 1028 4028 illa
1042 3987 1066 4026 et
1077 3985 1191 4025 naturam
1205 3989 1288 4024 rerum
1302 3982 1349 4021 to-

273 4056 434 4108 excutiemus.
445 4051 729 4128 Scbw.-llubkopfius‚
743 4055 786 4126 qui
837 4069 885 4107 tam
895 4052 1060 4125 contemplari
1068 4069 1074 4104 :
1082 4051 1149 4122 quod
1159 4051 1240 4123 ipsum
1246 4047 1349 4100 etDeus

273 4134 350 4212 lipsii
361 4133 494 4186 lectionem
505 4149 603 4186 secutus
616 4146 651 4186 est
662 4151 784 4207 :magna‚
837 4133 885 4186 illis
902 4145 963 4185 crat.
978 4131 1067 4185 Cicero
1081 4131 1125 4198 (ia
1136 4131 1226 4202 fragm.
1237 4147 1266 4180 es
1278 4127 1349 4182 Hor·
