2950 4934
276 478 343 573 294
574 444 616 553 ιζ
641 483 817 554 lauet
841 484 1057 565 suroca:

272 610 361 679 mala
372 627 468 695 sunt,
489 614 642 705 torqueri
656 614 782 684 malum
794 631 865 703 est3
884 615 970 685 odeo
985 616 1144 710 quidem,
1159 634 1198 686 ut
1208 618 1268 687 illa
1284 642 1355 689 non

273 728 342 799 tint
355 728 462 813 mala,
484 730 513 797 si
521 779 533 815 ,
555 728 647 822 quod
661 732 829 824 sequitur,
845 731 1047 803 detraxeris.
1064 735 1240 828 Sapientia
1253 734 1355 804 habi·

230 884 235 889 ·
273 858 327 912 tus
344 844 504 938 perfectae
527 849 650 915 mentis
668 864 737 935 est;
761 873 901 943 sapere,
928 875 1009 919 usus
1032 850 1193 945 perfeetae
1212 852 1352 919 mentis.

272 958 455 1051 Quomodo
472 979 582 1055 potest
595 988 676 1033 usus
692 964 767 1058 ejus
783 964 908 1034 bonum
922 990 992 1034 nou
1002 990 1094 1050 esse,
1113 991 1189 1060 quae
1201 968 1278 1035 sine
1289 992 1354 1036 usu

272 1071 401 1145 bonum
411 1101 481 1147 non
493 1080 567 1147 esti
579 1080 759 1175 Interrogo
773 1096 824 1165 te,
840 1105 885 1149 an
895 1082 1070 1175 Sapientia
1082 1082 1274 1176 expetenda
1287 1084 1356 1152 siti

274 1190 402 1261 fateris.
431 1168 637 1289 Interrog0;
662 1221 707 1264 an
735 1221 817 1266 usus
843 1198 1019 1291 sapientise
1043 1197 1257 1292 expetendus
1280 1199 1357 1268 sit?

273 1311 390 1380 fateris
411 1338 420 1379 ι
445 1336 550 1407 negas
569 1313 659 1383 enim
678 1329 712 1383 te
729 1310 822 1383 illam
839 1329 1056 1408 recepturum
1065 1364 1077 1399 ‚
1097 1315 1127 1382 si
1143 1314 1194 1383 uti
1211 1339 1252 1382 ea
1269 1340 1356 1409 pro-

216 1441 248 1498 ιδ
273 1423 439 1495 hiberris.
456 1426 561 1518 Quod
573 1427 801 1521 expetendum
819 1444 888 1509 est,
908 1426 1036 1496 bonum
1051 1443 1115 1496 est.
1134 1428 1284 1520 Sapere,
1302 1452 1356 1496 sa-

272 1543 412 1636 pientire
421 1566 502 1612 usus
512 1558 582 1630 est3
595 1542 762 1636 quomodo
773 1544 995 1638 eloquentiae,
1008 1542 1123 1636 eloqui
1133 1548 1143 1579 ¹
1155 1571 1164 1630 3
1181 1545 1354 1637 quomodo

273 1657 470 1745 oculorum,
485 1658 604 1727 videre
618 1685 626 1727 ε
643 1683 724 1752 ergo
737 1683 878 1753 sapere,
895 1659 1079 1753 Sapientiae
1093 1682 1174 1727 usus
1187 1674 1253 1727 est.
1265 1661 1357 1729 Usus

272 1789 386 1842 autem
401 1775 575 1870 sapientire
589 1776 798 1870 expetendus
811 1792 883 1863 est3
899 1799 1019 1870 sapere
1032 1799 1115 1869 ergo
1128 1774 1356 1869 expetendum

274 1907 354 1959 est:
376 1892 405 1959 si
429 1893 655 1987 expetendum
679 1906 753 1975 est,
782 1892 909 1961 bonum
930 1908 994 1961 est.
1015 1891 1176 1960 -Olim
1203 1892 1279 1986 ipse
1301 1918 1357 1961 me

274 2006 418 2091 domno,
434 2010 494 2101 qui
506 2006 583 2079 illos
598 2010 724 2090 imitor,
743 2009 824 2078 dum
836 1996 977 2092 accuso,
995 2024 1030 2077 et
1044 2006 1149 2077 verba
1162 2024 1292 2102 apertae
1304 2011 1358 2077 rei

274 2125 448 2218 impendo.
472 2126 536 2195 Cui
554 2127 645 2193 enim
663 2125 805 2193 dubium
821 2140 934 2219 potest
957 2148 1049 2211 esse,
1074 2125 1181 2216 quin,
1203 2126 1234 2193 si
1254 2142 1358 2202 aestus

274 2242 401 2311 malum
419 2258 490 2326 est,
512 2246 546 2310 et
564 2257 707 2311 aestuore
725 2241 852 2317 melum
876 2243 947 2310 siti
969 2242 997 2309 si
1014 2240 1113 2337 algor
1132 2240 1258 2309 malum
1278 2258 1332 2311 est
1342 2292 1354 2329 ,

275 2356 400 2424 malum
410 2357 455 2425 sit
467 2356 608 2451 algere?
620 2360 648 2427 si
662 2360 730 2429 vitu
743 2357 870 2427 bonum
880 2374 947 2441 est,
958 2374 994 2426 et
1005 2358 1122 2428 vivere
1132 2357 1262 2427 bonum
1272 2359 1359 2427 ’siti

219 2504 250 2557 ¹9
323 2474 447 2543 Omnia
461 2476 541 2559 ists,
559 2478 647 2543 eirca
664 2472 892 2567 Sapientiam,
920 2499 990 2543 non
1017 2476 1054 2543 in
1075 2477 1171 2569 ipsa,
1196 2490 1300 2563 sunt3
1323 2491 1359 2544 at

274 2589 372 2659 nohis
391 2594 425 2658 ia
442 2594 515 2683 ipsa
531 2591 809 2663 commorandum
827 2607 891 2661 est.
905 2592 1037 2674 Etiam,
1057 2594 1088 2661 si
1111 2589 1197 2685 quid
1217 2594 1357 2685 evagari

274 2707 378 2791 libet,
391 2706 520 2802 amplos
530 2708 634 2781 habet
644 2709 703 2777 illa
717 2710 951 2811 spatiososque
961 2732 1126 2779 secessus.
1137 2710 1191 2779 De
1202 2708 1357 2777 Deorum

274 2840 396 2893 notura
410 2848 621 2917 quaeramus3
636 2823 680 2893 de
693 2824 845 2896 siderum
857 2825 1035 2895 elementis
1045 2817 1072 2910 ³,
1091 2824 1135 2893 de
1149 2823 1205 2892 his
1218 2840 1289 2891 tam
1303 2850 1358 2894 vu·

274 2943 335 3033 riis
355 2942 528 3013 stellarum
546 2942 757 3013 discursibus
780 2968 789 3010 τ
813 2967 859 3011 an
878 2941 923 3012 sd
944 2943 1081 3011 illarum
1104 2956 1218 3009 motus
1238 2957 1357 3011 nostra

275 3052 519 3147 moveantur⁴3
536 3080 581 3129 au
593 3060 796 3153 corporibus
807 3061 958 3131 omnium
971 3061 1166 3152 animisque
1180 3058 1281 3127 illinc
1293 3060 1356 3126 im-

276 3322 312 3375 Η.
324 3320 365 3375 ΕΙ
377 3332 506 3389 tanquam
518 3320 656 3389 Sapientia
668 3338 696 3371 a.
715 3338 736 3372 e.
752 3322 787 3373 A.
838 3334 921 3375 tuetur
927 3334 1015 3375 noster
1025 3340 1102 3382 ma.
1108 3322 1286 3375 Deaiimento
1292 3323 1357 3374 eide·

276 3401 343 3454 satis
353 3406 423 3462 eret,
437 3410 567 3469 tanquam
578 3402 724 3469 sapientia,
733 3398 790 3451 ebe·
838 3419 898 3453 mm
910 3400 990 3453 multa
1001 3400 1122 3471 quaesisse
1132 3412 1246 3463 veteres,
1257 3398 1358 3451 multe-

277 3501 326 3553 que
338 3491 363 3533 et
376 3478 506 3551 perticula-
517 3478 600 3533 Sela.
837 3496 888 3547 que
899 3476 1032 3545 delirasse,
1046 3476 1106 3529 setis
1115 3489 1206 3529 notum
1218 3488 1264 3527 est.
1272 3475 1357 3528 Scia.

312 3576 333 3609 ι.
346 3557 445 3624 Eloqui
456 3554 526 3608 dedit
537 3574 582 3607 me.
594 3575 621 3607 a.
637 3554 727 3627 Vulgo
744 3555 790 3606 1ο-
837 3556 1188 3609 -Desidemmeiemeatt's.
1197 3555 1229 3607 E.
1239 3554 1357 3628 prolem

276 3633 501 3705 qui‚ubipriroem
511 3631 789 3703 vocalemobsorpseret
838 3652 891 3686 esse
909 3634 1070 3704 purissimum
1089 3633 1178 3705 iguem
1200 3646 1227 3686 et
1247 3634 1357 3704 quidem

277 3712 420 3765 terminatio
429 3710 499 3765 vocis
508 3711 680 3784 precedentis.
692 3709 775 3765 Scia.
837 3710 1011 3773 artificialem,
1024 3731 1102 3782 quem
1121 3712 1195 3767 Zeno
1206 3714 1305 3783 nepio,
1316 3710 1359 3763 in·

312 3812 333 3843 a.
345 3788 453 3843 Bonum
473 3794 516 3844 eit.
533 3790 671 3864 Perpetem
691 3791 789 3845 mum
836 3788 939 3845 tellecta
957 3789 1092 3861 praeditum
1107 3789 1261 3863 appellabat.
1278 3789 1358 3841 Posi-

277 3879 316 3923 est
327 3868 385 3922 edd.
396 3866 477 3922 Seiae.
838 3867 930 3921 danius
938 3880 962 3918 et
975 3865 1089 3941 plerique
1099 3868 1182 3921 Stoici
1191 3868 1283 3921 lunum
1294 3867 1360 3919 mix·

310 3945 334 4000 3.
343 3944 387 3999 De
394 3948 510 4001 siderum
517 3948 659 4000 elementis.
668 3946 711 3999 sie
720 3966 741 3999 e.
751 3948 787 4000 R.
837 3958 888 3998 taur
899 3966 929 3999 ex
939 3946 999 4017 igue
1009 3958 1032 3999 et
1043 3966 1100 3997 aere
1113 3958 1241 4009 statuunt,
1252 3958 1305 3999 etc.
1316 3944 1359 3999 Gi.

278 4024 313 4077 A.
325 4036 350 4076 et
361 4024 506 4077 Gruterieai
522 4036 645 4093 quatum
659 4022 730 4091 quod
742 4044 788 4076 re·
838 4022 918 4092 lipsii
930 4023 1081 4096 physiolog.
1093 4025 1136 4085 11,
1154 4023 1195 4076 13-
1208 4022 1304 4079 fluite

278 4101 378 4155 vocavit
386 4100 472 4155 Ruhk.
481 4122 561 4173 quum
571 4123 599 4157 ex
609 4100 714 4175 probato
726 4101 788 4155 Pio·
870 4104 895 4167 4.
908 4100 1008 4154 Nostra
1017 4112 1179 4155 moveaaaer.
1192 4100 1238 4155 sic
1249 4120 1277 4152 a.
1289 4122 1312 4155 e.
1322 4103 1359 4155 fl.

278 4178 347 4231 ciani
362 4179 427 4233 libro
442 4183 568 4235 alimoto
586 4180 707 4235 edidisset
720 4181 789 4234 Mur.
838 4180 875 4231 A.
886 4180 1007 4244 (nostra,
1021 4179 1040 4231 i.
1051 4200 1074 4231 e.
1085 4198 1125 4231 res
1136 4182 1258 4246 ποκα.)
1269 4180 1358 4255 Vulgo

279 4258 313 4311 At
330 4254 379 4311 hoe
398 4262 487 4310 ve'rum
509 4270 582 4324 eret,
606 4257 682 4331 idque
704 4258 788 4331 ipsum
837 4267 928 4310 nostra
940 4268 1231 4336 moerentiumve-a,
1250 4258 1359 4324 iudeeh,
