2950 4934
296 502 356 593 ηε
585 494 626 563 n.
651 493 1068 570 enumerarem

289 627 374 721 quid
392 627 446 696 vir
463 623 692 711 bonussoeit,
713 624 841 694 honum
860 643 912 696 est
929 653 937 694 ε
954 651 1031 698 nam
1048 645 1084 697 et
1096 630 1247 726 plaudit,
1268 653 1303 705 et
1319 641 1365 707 si·

288 742 478 830 hila13sed
503 765 567 812 neo
595 741 753 836 plausum
780 743 983 836 quisquam,
1010 769 1075 814 nec
1098 747 1259 835 sibilum,
1284 752 1367 823 lieet

288 863 401 934 omnis
418 861 493 955 ejus
510 857 699 974 admiretur
715 873 751 928 et
763 858 920 944 laudet¹,
937 860 1066 932 bonum
1084 863 1188 952 dieit3
1207 892 1278 938 non
1293 895 1365 940 ma-

287 980 341 1074 gis
358 1001 459 1071 mrem
474 990 778 1060 sternutamentum
787 981 820 1059 ²,
833 994 893 1046 sut
906 980 1036 1049 tussim.
1052 983 1144 1074 Ergo
1154 983 1292 1055 claritas
1302 985 1366 1056 bo-

230 1128 261 1170 10
286 1117 369 1162 num
380 1116 449 1160 non
464 1105 528 1160 est.
542 1089 596 1160 Ad
605 1113 791 1172 summam,
805 1090 910 1162 dieite
923 1093 1035 1176 nobis,
1049 1112 1164 1166 utrum
1178 1097 1361 1182 laudantis,

285 1233 330 1279 an
353 1208 481 1280 laudati
501 1207 627 1276 bonum
649 1207 722 1274 sit?
739 1208 775 1276 Si
791 1206 963 1278 laudantis
980 1210 1108 1281 bonum
1127 1236 1204 1286 esse
1223 1213 1359 1300 dicitis,

285 1343 353 1396 tam
369 1324 549 1395 ridiculam
563 1347 635 1392 rem
650 1322 778 1404 facitis,
794 1325 938 1416 quamsi
951 1325 1129 1397 affirmetis
1143 1348 1360 1419 meum'esse,

284 1437 379 1534 quod
397 1439 486 1510 alius
504 1437 594 1506 bene
609 1435 732 1505 valeat.
749 1435 819 1506 sed
839 1436 981 1508 laudare
994 1439 1134 1535 dignos,
1149 1443 1292 1514 honesta
1303 1469 1365 1514 ac·

284 1559 332 1634 tio
350 1570 402 1625 eet
423 1581 431 1620 ι
452 1555 500 1622 ita
523 1549 695 1621 laudantis
716 1551 844 1620 bonum
864 1568 943 1639 est,
971 1555 1068 1647 eujus
1085 1558 1175 1626 ectio
1198 1574 1268 1646 est3
1288 1584 1361 1630 non

284 1688 459 1754 nostrum,
483 1671 542 1762 qui
560 1666 739 1738 laudamur
756 1694 765 1734 ε
780 1670 877 1761 atqui
893 1665 959 1738 hoe
978 1672 1210 1763 quaerebatur.
1228 1701 1244 1740 r

228 1823 255 1860 n
330 1785 557 1882 Respondebo
567 1807 660 1854 nune
673 1783 819 1878 singulis
830 1786 970 1856 cursim.
985 1783 1172 1877 Primum⁵,
1186 1814 1232 1860 an
1245 1793 1289 1861 ait
1300 1793 1364 1860 ali·

283 1905 376 2000 quod
388 1929 430 1974 ex
439 1902 644 1973 distantibus
654 1900 804 1983 bonnm,
819 1903 923 1972 etiam
933 1927 1025 1973 nunc
1034 1907 1221 1997 quaeritur3
1236 1925 1272 1977 et
1283 1933 1366 2002 pars

282 2035 428 2111 utraque
442 2016 628 2086 sententias
644 2013 763 2084 habet.
782 2016 936 2100 Deinde,
958 2017 1096 2089 claritas
1108 2044 1178 2088 non
1191 2019 1366 2092 desiderat

283 2137 389 2208 multa
400 2133 580 2228 euffmgim
591 2147 705 2228 potest
715 2147 749 2200 et
759 2133 861 2208 unius
871 2133 954 2204 boni
965 2129 1053 2205 viri⁴
1059 2135 1367 2230 judieioesseeon·

196 2275 198 2280 ·
285 2268 378 2324 tenta
395 2277 403 2318 ι
420 2269 499 2320 nam
518 2273 635 2318 omnes
652 2247 759 2318 bonos
776 2247 886 2320 bonus
898 2251 1129 2345 unusjudioat
1140 2247 1249 2324 ⁵.--s
1265 2255 1365 2348 Quid
1387 2283 1391 2288 ’

285 2393 368 2464 ergo
381 2369 396 2438 Ρ
409 2368 543 2462 inquit,
559 2381 594 2434 et
614 2363 702 2434 fama
721 2366 791 2434 erit
808 2367 911 2435 unius
927 2367 1076 2437 hominis
1087 2371 1309 2456 existimatio,
1330 2389 1367 2440 et

283 2487 423 2558 infamia
436 2485 540 2554 unius
551 2482 720 2576 malignus
733 2483 869 2552 sermo?
882 2483 1034 2554 Gloriam
1048 2511 1209 2582 quoque,
1224 2491 1362 2582 inquit,

284 2602 386 2676 latius
397 2604 504 2672 iusum
516 2599 669 2692 intelligo
681 2625 691 2684 3
703 2621 905 2670 eonsensum
917 2603 1009 2670 enim
1019 2603 1203 2676 multorum
1209 2607 1328 2701 exigit.
1344 2635 1363 2674 s

284 2723 488 2792 -Diserss
505 2716 628 2786 horum
645 2713 798 2784 conditio
812 2731 881 2804 est,
898 2733 933 2786 et
945 2711 1072 2788 illius‘.
1089 2721 1237 2814 Quare?
1254 2727 1363 2817 quia,

286 2839 315 2907 si
329 2837 373 2907 de
388 2859 442 2904 me
456 2835 547 2904 bene
563 2830 741 2901 virbonus
754 2833 877 2915 sentit,
894 2832 1012 2901 eodem
1030 2833 1106 2904 loco
1122 2861 1213 2922 sum,
1231 2864 1318 2932 quo,
1336 2843 1367 2910 si

325 3077 721 3136 1.Ltceromnta...10uder.lns
734 3074 804 3128 idem
855 3077 1010 3151 rieutqnurn
1022 3098 1076 3132 non
1087 3081 1202 3148 indotos,
1218 3085 1263 3138 sed
1279 3087 1370 3145 slzlsz

289 3163 335 3218 ille
344 3161 390 3234 qni
406 3160 493 3216 omnia
508 3157 563 3234 ejus
575 3157 639 3212 boni
655 3155 704 3209 riri
718 3155 805 3208 adrni-
854 3175 907 3210 etse
930 3156 1067 3222 dicebant,
1082 3161 1206 3233 probante
1227 3163 1314 3236 lipsio
1337 3187 1369 3220 οι

289 3255 358 3296 ratur
378 3253 403 3298 et
425 3239 530 3304 laudat,
556 3255 609 3290 non
629 3248 715 3290 tamen
732 3233 806 3289 dicit
854 3231 965 3287 Philone
978 3233 1061 3306 judeo
1075 3239 1369 3310 asperserint-Evi-

290 3319 468 3397 plansumsjus
477 3314 630 3373 autsibilum
638 3316 736 3370 bonurn
744 3333 804 3368 esse·
855 3314 945 3388 gilarit
959 3315 1046 3369 Nos.»
1059 3319 1150 3372 Ruth,

324 3417 350 3452 a.
363 3399 611 3454 Stemutomentum.
630 3395 681 3448 Me.
694 3414 721 3448 a.
739 3404 806 3448 ster-
888 3394 913 3446 ⁵.
924 3392 999 3446 Nam
1009 3413 1100 3449 omnes
1111 3396 1190 3452 boos
1201 3398 1285 3452 boum
1296 3419 1373 3453 unus

247 3529 250 3535 ,
292 3485 452 3532 manentum.
469 3473 550 3528 Scio.
848 3473 960 3542 judaeas.
979 3473 1126 3548 Schweigh.
1146 3477 1190 3531 dat
1213 3497 1261 3532 ms
1284 3480 1371 3538 bonos

326 3557 350 3610 3.
367 3551 623 3609 Primum-..dubet
641 3547 716 3602 Nihil
732 3547 804 3602 nobis
853 3550 936 3603 torm
947 3553 1066 3620 judicat,
1084 3575 1113 3607 ex
1133 3574 1191 3608 mss.
1208 3576 1267 3612 mc.
1284 3559 1322 3612 R.
1334 3587 1371 3601 .-

293 3633 397 3689 uberius
408 3643 483 3685 rotat
494 3651 523 3684 ex
540 3629 609 3682 hisee
624 3626 806 3701 disputationi·
854 3627 974 3701 nuhkop.
995 3631 1102 3704 explieat
1124 3632 1254 3708 vulgatam
1282 3637 1372 3693 bonus

293 3715 355 3782 bus,
364 3709 557 3784 necquidquam
569 3728 656 3764 esrom
665 3707 803 3772 sciremus,
854 3727 922 3762 unus
933 3709 1025 3778 :quasi
1036 3710 1093 3764 loeo
1104 3713 1228 3766 omnium.
1241 3713 1372 3770 Eandem

295 3797 346 3849 nisi
357 3794 452 3848 Seneca
465 3791 539 3845 nobis
552 3802 662 3844 senatus
674 3801 746 3842 esset.
758 3789 807 3841 Ps-
854 3787 1005 3840 sententiam
1016 3789 1127 3862 prodidit
1137 3794 1223 3866 Apost
1232 3792 1330 3848 Paulus
1342 3797 1373 3849 in

296 3885 332 3926 tet
347 3885 453 3938 umen,
472 3867 555 3924 adhue
569 3868 615 3922 sub
634 3867 717 3938 iudice
736 3866 807 3919 litem
856 3864 1131 3938 EpndCorintlull,
1143 3869 1285 3938 15‚16,ubi
1297 3893 1374 3925 mro·

296 3949 372 4003 inisse
383 3949 483 4019 ;itaque
493 3967 540 4001 nee
549 3947 600 4020 ipre
608 3944 750 4017 quidquam
758 3942 809 3996 de-
856 3947 950 4014 parulg
961 3945 978 3999 i.
986 3945 1083 4010 bonus.
1091 3967 1166 4002 sensu
1171 3949 1254 4002 stoico
1262 3986 1271 4015 ,
1280 3952 1375 4004 omnia

297 4025 467 4080 linireandet.
479 4023 570 4078 liuta
857 4021 970 4091 indicare
990 4023 1104 4094 dieitur,
1122 4047 1138 4080 ι
1154 4026 1258 4079 nemine
1283 4041 1375 4082 sutem

329 4105 354 4172 4.
369 4103 454 4158 Unius
467 4104 528 4158 boui
537 4105 607 4170 viri,
617 4102 689 4175 qussi
703 4101 731 4154 in
745 4099 808 4154 aba·
858 4101 964 4174 (ψυχιιῷ
974 4141 983 4170 ,
992 4103 1086 4173 stulto,
1100 4105 1254 4180 &minim
1269 4108 1376 4182 ldreiqr)

188 4215 189 4222 κ
297 4196 377 4238 tracto
392 4182 513 4260 cogitati,
535 4182 672 4257 sapientis,
690 4181 733 4236 eni
753 4199 808 4234 non
856 4177 963 4251 judicari
975 4200 1055 4252 posse.

299 4261 422 4333 gloriam,
437 4260 480 4314 sed
495 4260 634 4316 claritatem
650 4258 807 4346 tribntbspt,
880 4257 915 4310 ²6·
926 4257 1033 4314 [iorum
1042 4263 1146 4337 (nempe
1150 4262 1377 4336 Jmoe2310rioe,
