2950 4934
343 433 491 506 Novi
512 432 865 506 FRAGMENTA.
1076 431 1142 524 409

73 589 137 635 neo
152 580 226 634 tuto
239 565 392 659 epistulis
405 567 513 636 omnia
527 565 664 658 querela
679 565 900 634 committitur
914 613 923 645 ,
940 575 975 630 et
988 559 1143 654 inexplo-

74 698 146 750 rata
168 682 299 766 fronte,
328 705 391 775 per
412 706 513 774 qoam
542 682 734 776 produntur
759 681 881 765 animi,
909 682 1076 750 inoertum
1092 692 1143 748 eet

74 825 177 892 qoam
189 799 389 894 simpliciter
400 799 577 894 detegatur
588 802 653 884 ira,
669 821 772 892 qnam
785 799 855 868 fide
870 793 888 893 ΙΙ
904 797 982 866 liter
996 795 1141 866 desinat.

73 919 132 986 stc
146 918 272 984 amico¹
295 915 501 1009 judicaturus
524 921 647 984 amictu
662 940 683 982 a
698 930 866 1009 praesente
886 909 1064 980 seeundum
1081 910 1146 980 ab·

74 1046 206 1099 nentem
223 1029 292 1100 det.

122 1145 291 1238 Quiequia
302 1168 340 1213 re
352 1146 599 1216 consultari...
612 1196 621 1212 .
632 1143 829 1214 contrahat·
839 1139 1023 1237 plurimum
1032 1138 1145 1231 operia

72 1263 155 1330 iacit
171 1289 182 1328 ε
197 1264 236 1329 in
250 1285 322 1330 rem
331 1256 553 1354 praenotem³
568 1261 732 1356 perducat
744 1252 1145 1350 amioquuernadmo-

72 1376 157 1444 dum
177 1377 283 1446 multa
298 1401 443 1469 qnorum
459 1380 497 1446 in
513 1378 663 1447 tenebris
676 1377 819 1446 audacia
835 1390 907 1457 est,
928 1372 1004 1442 luae
1019 1368 1145 1465 prohi-

72 1489 222 1577 bentur-3
241 1493 310 1572 ita,
327 1516 404 1585 qua
419 1490 574 1560 absentee
589 1492 728 1560 irritant
738 1505 774 1558 et
787 1489 980 1572 concitant,
997 1485 1042 1554 ad
1054 1507 1145 1579 prta-

73 1609 219 1676 eentiam
235 1631 306 1676 non
322 1609 450 1676 ferunt.
468 1609 645 1700 Optimum
654 1621 712 1689 ,eet
728 1607 865 1697 itaque,
891 1604 991 1672 etiam
1012 1601 1041 1669 ei
1059 1599 1144 1694 quid

1181 804 1290 880 affl

72 1746 142 1814 neg
158 1718 176 1816 ΙΙ
193 1722 361 1832 legontius
377 1723 638 1816 pretermissum
657 1738 729 1789 eat.
745 1772 753 1788 .
768 1771 777 1789 .
792 1720 866 1789 rbu
879 1769 887 1788 .
899 1743 1013 1788 an.u.
1037 1714 1044 1813 Ι
1065 1716 1142 1788 fao-
1174 1745 1180 1761 ·

73 1857 147 1907 tum
161 1863 222 1908 ere
237 1890 335 1908 .....
343 1863 409 1908 con
429 1835 437 1935 Ι
457 1854 612 1932 putatum
628 1839 781 1908 ...verbi
796 1889 804 1905 .
839 1832 847 1933 Ι
871 1887 944 1906 ....
959 1833 1044 1905 inid
1057 1850 1144 1904 tem-

71 1950 908 2050 pus...{niq.opoeeit.=...nob.'ledere
913 2001 1081 2021 ........
1098 1973 1143 2018 ne
1180 2033 1189 2044 ν

90 2078 99 2172 Ι
121 2102 210 2172 pena
222 2079 267 2146 ad
283 2132 291 2147 .
309 2131 318 2146 .
337 2080 411 2148 nori
426 2130 434 2146 .
451 2131 459 2146 .
476 2079 526 2148 ei.
542 2103 626 2170 prae
646 2073 654 2174 Ι
676 2094 769 2147 terea
785 2081 945 2146 sinceram
961 2076 1142 2144 amicitiam

72 2195 176 2263 decet
193 2212 231 2263 ut
248 2197 322 2264 eine
339 2196 498 2264 cicatrice
512 2213 661 2265 sanetur.

122 2313 327 2404 Quaeramus
343 2313 594 2381 evenientibus
618 2313 702 2405 quid
723 2313 880 2382 absentes
900 2327 1023 2407 agant,
1044 2309 1143 2378 debi-

71 2425 207 2494 toribus
233 2425 369 2494 illorum
395 2425 577 2511 instemus,
599 2427 830 2517 'creditoribus
855 2425 1140 2522 respondeamus,

70 2540 228 2608 inimicia
248 2539 439 2608 resistamus
457 2568 465 2607 ι
482 2540 510 2608 ei
524 2556 731 2607 aut-—

120 2776 172 2844 11.
193 2773 357 2868 Quaritie
374 2801 382 2842 ι
401 2777 514 2868 itaque
529 2789 696 2844 momento
713 2773 869 2841 amicitie
881 2786 1001 2839 reetrae
1015 2769 1143 2839 exoles-

67 2907 157 2958 cunt
174 2915 319 2982 quarum
335 2914 428 2958 mena
444 2906 504 2958 aut
521 2892 655 2972 animus
669 2891 795 2984 pignus
812 2905 874 2957 eet.

122 3009 202 3076 Una
214 3008 444 3101 peregrinatio
457 3007 568 3075 eradit
580 3008 693 3075 animo
704 3009 762 3098 jus
779 3029 878 3074 omne
897 3032 904 3072 :
923 3008 1047 3075 sivero
1064 3005 1144 3072 lon-

69 3126 154 3217 gior
170 3122 246 3190 haeo
262 3139 314 3190 eat
328 3137 362 3190 et
376 3123 608 3217 longinquior,
626 3122 753 3194 excidit
767 3123 887 3191 notitia
902 3146 1057 3215 quoque,
1075 3143 1145 3189 non

67 3255 208 3306 tantum
230 3239 391 3307 amicitia.
420 3239 524 3332 Quod
541 3264 585 3308 ne
601 3241 710 3334 poeait
725 3238 904 3324 accidere,
929 3240 1022 3308 omni
1041 3261 1143 3330 opera

64 3355 255 3437 aiatarnue,
274 3369 310 3420 et
327 3355 512 3446 fugientem
535 3357 730 3424 memoriam
749 3354 948 3424 reducamur
965 3381 974 3422 ι
991 3370 1143 3438 utamur,

66 3487 110 3537 ut
130 3472 168 3538 in
183 3471 295 3564 prima
307 3488 404 3566 parte
421 3471 588 3555 dicebam,
607 3470 624 3568 ΙΙ
640 3473 746 3541 animi
761 3472 956 3556 velocitate,
974 3473 1144 3540 neminem

65 3713 188 3767 teretitiis
196 3727 380 3788 comparentes,
393 3715 494 3789 dempto
504 3706 589 3770 tamen
638 3721 732 3770 rixam
749 3716 889 3791 supplendo
914 3715 1040 3780 eminere,
1064 3733 1145 3784 neque

63 3791 142 3844 solio
156 3810 201 3857 ro,
212 3811 234 3843 r.
247 3791 318 3862 quod
327 3793 377 3846 situ
383 3794 527 3847 confectum
536 3806 588 3858 eat,
637 3794 776 3850 litterarum
789 3794 893 3866 vestigia
903 3795 1094 3848 adversarentur
1105 3811 1112 3846 ε
1122 3806 1147 3847 et

63 3868 154 3922 facile
166 3867 294 3942 leguntur.
637 3871 784 3942 quoeensu?
794 3872 1111 3941 vorbiaplurimumopen's
1119 3870 1145 3921 in

108 3965 133 3996 ι.
148 3949 249 4000 sterion.
260 3946 303 3999 sic
314 3947 401 4020 eoripei
409 3947 467 4017 qnia
478 3961 535 4000 ante
541 3956 589 4012 ju·
638 3953 778 4006 membran.
784 3950 976 4026 superscriptum
985 3952 1146 4002 eetmultum.

59 4023 590 4096 dim‚voeabnlireliqniee‚duaetontum
671 4031 695 4082 3.
708 4031 743 4082 ln
763 4050 817 4082 rem
831 4037 994 4098 prementem.
1001 4027 1095 4080 Seneca
1114 4025 1147 4079 ad

63 4101 172 4158 littere
180 4117 380 4175 oppresserunt
639 4107 718 4160 Lucii.
735 4109 783 4179 Ep.
795 4123 832 4172 lv,
845 4128 867 4178 p.
883 4107 911 4173 ιΙ
923 4141 931 4170 ,
943 4105 982 4158 ed.
995 4105 1050 4176 Bip.
1065 4126 1078 4150 ι
1088 4103 1147 4155 Plus

101 4201 131 4234 2.
154 4181 368 4237 lii...contmhot.
387 4181 509 4237 Perfacile
529 4197 591 4238 ιιιιι
641 4183 687 4238 tibi
704 4192 730 4238 et
744 4185 801 4238 viva
820 4205 868 4239 ror
888 4195 910 4236 ot
925 4183 1051 4238 convictos
1070 4201 1146 4252 quern

1178 3501 1201 3532 u
1220 3473 1297 3551 gr'·d
