2950 4934
256 462 780 537 nnrs10.r..sroreon.
807 466 907 535 nm.
931 466 1009 535 111.
1101 414 1172 569 es,
1244 520 1252 545 .

92 631 196 674 rernm
217 623 317 693 postca
331 631 349 670 a
363 608 496 671 sensibus
519 618 550 667 et
566 606 817 691 imaginationibus
836 608 952 693 colligi,
973 612 1050 672 circa
1065 634 1173 675 annum

93 720 240 781 decimum
258 730 435 801 quartum.»
449 715 520 778 Eme
535 737 638 799 parum
652 716 777 778 fideliter
798 716 922 779 adscribi
944 718 1084 795 arbitror,
1100 722 1124 781 si
1137 722 1175 782 dc

93 829 159 909 ipsa
173 828 295 889 Ratione
308 826 388 908 capis
403 847 412 883 ι
426 825 452 883 si
466 821 504 885 de
517 820 581 883 Usu
601 823 662 903 ejus
675 822 867 905 perfectiore,
889 823 967 887 haud
979 846 1093 909 negem.
1110 825 1177 888 Oh-

93 948 226 995 scuratur
244 934 322 993 enirn
347 934 379 992 iu
399 934 462 1014 ipsa
483 929 625 1003 infautia,
643 943 673 991 et
693 944 728 992 ut
746 931 788 991 sol
808 930 944 1013 quidam,
965 954 1018 1015 por
1033 932 1132 995 nubila
1146 949 1176 995 et

94 1042 188 1101 nubes
213 1062 288 1123 regre
310 1040 482 1123 perrumpit.
507 1035 654 1097 Germana
676 1059 775 1099 eorum
797 1040 956 1115 sententia,
971 1061 989 1101 a
1003 1052 1087 1123 partu
1103 1043 1177 1103 insi-

94 1148 191 1208 nuari.
206 1147 328 1231 Tangit,
346 1158 376 1207 et
392 1146 502 1228 speruit
516 1142 680 1205 Lactantius
695 1168 704 1205 ι
720 1170 735 1199 ιι
750 1146 854 1207 Anima
869 1143 1003 1229 (inquit,
1019 1146 1056 1209 de
1072 1148 1172 1233 opit,

94 1276 162 1337 cap.
183 1277 217 1330 ι,
246 1266 346 1314 eontra
366 1251 505 1314 Varronis
524 1251 620 1313 datam
642 1250 822 1337 linitionem)
836 1276 894 1313 non
913 1266 957 1315 est
976 1276 1088 1319 aerorc
1103 1279 1175 1319 con·
1273 1280 1278 1295 ι

94 1373 215 1444 ceptus,
230 1361 298 1441 quia
316 1360 407 1419 multo
425 1358 505 1439 prius
525 1359 652 1441 gignitur
674 1358 798 1431 Anima,
815 1380 901 1439 quam
922 1362 1034 1445 concipi
1052 1363 1174 1425 datore

95 1468 197 1549 possit.
214 1466 279 1525 Non
292 1466 370 1525 enim
384 1478 450 1546 post
464 1475 577 1545 partum
593 1465 755 1527 insinuatur
768 1466 798 1523 in
813 1486 938 1549 corpus,
953 1479 987 1527 ut
1000 1470 1171 1551 quibusdam

95 1571 273 1656 philosophis
286 1569 404 1653 (nempe
417 1567 532 1653 Stoicis)
544 1568 670 1643 videtur,
688 1568 741 1629 sed
757 1582 821 1651 post
840 1585 1008 1657 conceptum
1024 1577 1171 1659 protinus,

94 1700 186 1760 quum
200 1677 301 1739 luctum
314 1678 345 1736 in
359 1688 441 1736 utero
455 1674 608 1735 necessitas
622 1675 720 1762 divina
729 1674 872 1741 formauit.
885 1704 899 1731 o
912 1678 1002 1741 Vides
1015 1682 1093 1743 illum
1103 1685 1172 1764 poni

95 1800 127 1849 et
138 1786 219 1868 rejici
231 1809 239 1857 3
254 1784 339 1845 aliam
354 1782 496 1865 supponi,
513 1802 599 1863 quam
613 1782 734 1863 probam
750 1797 863 1857 censet,
876 1796 942 1865 pust
953 1798 1113 1869 conceptum
1126 1792 1173 1849 irr-

92 1894 206 1954 samara·
212 1914 223 1951 .·
234 1888 368 1973 quando?
388 1887 593 1971 quumsoetum
608 1886 843 1969 Deusfhnnuor't.
860 1888 975 1972 Optimo
990 1905 1019 1953 ot
1032 1892 1170 1979 Theologi

94 2001 187 2061 nostri
202 2000 243 2060 sic
257 1997 345 2058 hodie
358 2006 492 2068 censent,
507 1992 636 2054 formatis
655 1995 861 2076 principalibus
875 1996 1028 2072 memhris,
1045 1998 1170 2082 hepate,

94 2106 203 2182 eorde,
221 2105 361 2178 cerebro,
384 2102 560 2163 domicilium
574 2103 634 2181 jam
649 2103 751 2163 anima
769 2104 900 2163 rationali
920 2117 1020 2185 aptum
1036 2126 1118 2181 esso,
1141 2124 1171 2170 et

93 2214 126 2273 in
141 2212 174 2273 id
187 2213 296 2273 venire.
312 2210 509 2290 Hieronymus
521 2206 656 2290 (Adsero.
671 2209 750 2270 llud.
764 2208 841 2290 apol.
856 2208 893 2290 rr)
906 2232 914 2269 ι
929 2236 944 2264 κ
956 2210 1091 2294 Figuram
1105 2234 1170 2274 cou-

94 2342 188 2402 pore,
205 2320 300 2379 statim
319 2318 410 2378 creari
432 2326 461 2376 et
485 2316 611 2375 immitti.
627 2340 642 2369 s
660 2314 778 2376 Crearil
794 2316 834 2376 ita
851 2337 868 2377 a
888 2317 950 2377 Deo
961 2340 972 2379 .·
985 2330 1014 2379 et
1036 2322 1170 2403 exemplo

93 2425 269 2509 Angelorum
290 2422 328 2485 de
347 2421 447 2483 nihilo.
464 2421 501 2481 ln
514 2421 622 2481 Ruffini
635 2422 748 2495 verbis,
764 2444 850 2503 quem
864 2422 913 2483 ille
926 2437 1040 2487 rancura
1053 2428 1098 2487 vir
1112 2450 1170 2509 op-

94 2544 225 2614 pugnat,
241 2531 307 2613 lego
325 2529 471 2611 plusculas
489 2528 664 2602 sententias,
685 2528 857 2610 compendio
877 2531 1007 2591 recitatos
1020 2530 1118 2613 (Ihid.
1130 2532 1164 2615 )=
1255 2554 1262 2569 ·

96 2666 112 2694 e
121 2640 168 2701 De
181 2638 302 2712 Anima,
313 2636 405 2696 lateor
414 2656 462 2695 me
471 2632 549 2715 apud
560 2634 786 2715 quamplurimos
798 2644 981 2697 tractatorum
996 2638 1107 2709 diuersa
1122 2641 1169 2699 le-

93 2747 182 2829 gisse.
197 2741 267 2826 hegi
283 2741 439 2823 quosdam,
455 2739 583 2801 diccnms
597 2739 676 2821 quod
688 2742 797 2822 pariter
811 2764 876 2803 curu
890 2764 1023 2824 corpore,
1040 2766 1093 2825 per
1105 2746 1167 2807 hu-

91 2852 174 2913 maui
183 2850 310 2932 corporis
321 2847 489 2922 traducem,
500 2848 587 2909 etiam
596 2848 698 2907 animae
706 2848 915 2925 diffundantur,
926 2852 1004 2933 quod
1012 2865 1083 2933 puto
1092 2855 1167 2917 inter

93 2959 211 3019 Latinos
219 2957 427 3017 Tertullianum
436 2954 569 3029 sensisse,
577 2955 624 3014 vel
635 2952 829 3029 Lactantium,
841 2954 967 3021 fortassis
977 2973 1006 3020 ct
1014 2962 1167 3023 nonnullos
1251 2970 1253 2977 ’

92 3067 176 3127 alios.
191 3064 250 3125 Atii
262 3074 406 3137 asserunt,
418 3059 497 3144 quod
506 3059 634 3121 formatis
646 3062 678 3121 in
685 3074 768 3123 utero
778 3063 963 3145 corporibus,
975 3065 1054 3127 Deus
1068 3072 1166 3150 quoti-

92 3172 143 3233 die
153 3168 238 3232 laciat
247 3170 364 3229 Animas
375 3180 405 3230 et
413 3166 555 3227 infundat.
562 3167 620 3227 Alii
627 3164 716 3229 factas
723 3170 783 3248 jam
793 3168 877 3245 olim,
890 3170 921 3230 id
932 3183 987 3247 est,
997 3184 1064 3235 tunc
1075 3198 1164 3256 quum

90 3277 190 3340 omnia
204 3278 311 3337 creavit
323 3276 402 3335 Deus
415 3296 451 3335 ex
465 3272 573 3347 nihilo,
588 3296 666 3334 unnc
679 3296 728 3335 eas
740 3274 849 3353 judicio
861 3297 913 3335 suc
927 3280 1007 3339 nasci
1019 3279 1165 3362 dispenset

92 3388 125 3445 in
148 3404 277 3464 corpore.
303 3381 367 3441 Hoc
390 3382 477 3441 sentit
491 3393 521 3440 ct
535 3378 693 3463 Origenes,
717 3392 747 3440 ot
768 3380 899 3442 nonnulli
912 3380 1086 3447 Grumum.
1104 3386 1166 3470 Ege

92 3513 164 3553 vero
186 3512 277 3574 quum
295 3489 354 3548 brec
377 3488 489 3570 singula
502 3487 642 3570 legerim,
665 3486 729 3548 Deo
750 3500 822 3548 teste
837 3488 920 3565 dico,
940 3494 1008 3573 quia
1022 3514 1113 3575 usque
1128 3496 1166 3555 ad

92 3618 219 3681 presens
235 3596 305 3657 certi
326 3607 356 3654 et
373 3594 484 3654 deliniti
507 3592 617 3675 aliquid
639 3593 677 3655 de
702 3594 756 3655 huc
780 3598 935 3677 marcione
958 3620 1017 3661 non
1039 3612 1163 3662 teneo.»

93 3704 244 3767 Praemittit
257 3702 294 3763 de
306 3700 425 3763 traduce
448 3701 553 3761 Anima
569 3724 577 3760 ι
595 3712 624 3761 et
643 3698 822 3763 lactantium
844 3704 885 3765 ihi
908 3718 1059 3781 numerat,
1079 3708 1161 3769 falso.

93 3812 199 3894 Liquet
212 3832 250 3871 ex
263 3808 342 3882 loeo,
358 3829 444 3890 quern
458 3806 589 3882 adduxi,
606 3820 635 3869 et
647 3809 739 3893 magis
753 3829 790 3870 cx
803 3810 857 3871 isto
869 3810 928 3894 (de
938 3812 1030 3894 opit,
1051 3836 1078 3873 c.
1097 3815 1164 3899 ¹9)=

93 3948 109 3973 ιι
122 3917 228 3977 Utrum
242 3916 339 3975 anima
354 3936 392 3975 cx
405 3926 505 3997 patre,
521 3936 558 3975 an
572 3936 609 3975 ex
627 3927 736 3991 matre,
753 3938 790 3977 an
805 3936 873 3979 vero
887 3940 923 3979 ex
938 3931 1060 4001 utroque
1073 3944 1165 4004 geno-

92 4023 193 4089 returl
210 4023 262 4085 sed
276 4044 329 4105 ego
345 4022 382 4083 dc
395 4044 460 4083 meo
472 4024 537 4103 jure
550 4022 588 4083 nh
601 4023 719 4104 ancipiti
737 4023 852 4085 vindico
867 4049 876 4084 ι
891 4024 964 4085 nihil
978 4028 1055 4087 enim
1072 4050 1107 4089 cx
1122 4030 1167 4090 his

92 4127 186 4189 trihus
199 4146 299 4185 verum
312 4136 365 4184 est.
383 4123 493 4205 Corpus
504 4146 542 4185 ex
552 4125 718 4205 corporibus
730 4128 808 4185 nasci
824 4138 934 4209 potest,
946 4130 1082 4209 quoniam
1095 4153 1166 4191 con-

93 4246 186 4305 fertur
195 4233 305 4315 aliquid
314 4255 352 4294 ex
365 4246 505 4315 utroque;
523 4232 560 4295 de
574 4233 686 4297 Animis
695 4234 799 4297 Anima
808 4258 866 4297 non
877 4247 988 4317 potest,
1001 4239 1070 4319 quia
1083 4260 1119 4299 ex
1133 4260 1165 4300 re

247 4346 305 4413 lv.
978 4346 1024 4433 du
