2950 4934
334 444 403 540 672
702 442 854 517 IUSTI
876 438 1042 516 LlPSll

331 587 449 673 Species
459 587 746 651 lividuutlnimom.
761 590 938 671 Huiusmodi
948 603 1044 651 autem
1055 610 1114 649 non
1124 596 1184 651 tam
1194 588 1296 653 Partes
1304 591 1403 653 Anime

332 707 422 769 suut,
443 694 651 775 qunuaViaes,
672 706 703 755 et
727 696 875 771 effioaun,
898 708 927 755 et
949 692 1165 778 Opeconsiout
1186 696 1402 778 dequibusdan
1461 680 1462 709 ³

330 802 529 885 (vegetante,
538 801 705 877 sentiente,
715 801 859 863 Rationali
867 799 891 885 ,)
902 814 932 863 et
939 802 1105 864 Aristoteles
1113 802 1263 883 judicavit.
1270 830 1286 858 ι
1299 804 1402 865 sanim

333 908 431 982 vides,
446 928 509 989 que
523 908 555 967 iu
568 906 688 969 minum
701 921 732 967 et
745 908 864 969 uberem
878 928 1000 969 messem
1013 920 1150 991 surgunt,
1167 910 1192 968 si
1206 909 1305 969 colere
1317 911 1403 969 luben
1461 890 1462 903 ¹

333 1027 364 1075 et
377 1035 506 1075 erooure.
523 1012 594 1075 Levi
608 1014 698 1075 minu
711 1014 775 1089 fiat,
793 1027 823 1073 et
837 1036 895 1097 qun
910 1014 981 1075 utile
994 1014 1078 1075 uobis
1094 1026 1143 1073 aut
1158 1035 1243 1095 opus.
1263 1015 1402 1087 Primum,

335 1120 527 1184 «ιῑιιιιιιιη
537 1112 654 1181 ronne
667 1122 698 1181 in
712 1111 795 1183 uun.
810 1147 825 1175 ι
842 1104 937 1181 usam
951 1120 983 1180 n
995 1120 1053 1181 un
1069 1120 1243 1181 nomine
1258 1120 1332 1183 ned
1343 1120 1404 1179 nn

333 1226 449 1289 umbus
463 1239 618 1309 unumque
632 1226 725 1303 dicet,
739 1229 791 1309 qui
806 1228 855 1287 fiat
868 1225 932 1309 (IV
946 1226 983 1287 ds
994 1226 1092 1287 Placit.
1106 1224 1221 1308 04)...
1235 1227 1402 1311 Pythagora

333 1348 363 1395 et
377 1335 479 1410 Plato,
495 1335 650 1395 summaria
664 1332 790 1416 quadem
805 1335 915 1395 ratione
931 1334 1066 1393 Animum
1080 1344 1210 1395 stutuunt
1223 1334 1401 1417 bipertitam,

332 1432 511 1503 Rationalem
526 1452 556 1500 et
569 1438 767 1501 irrationalem
782 1462 790 1499 ι
804 1452 835 1500 ut
848 1430 974 1521 pressius
987 1451 1017 1499 et
1028 1440 1204 1513 nocentius,
1221 1442 1401 1521 tripertitam

332 1570 401 1609 narn
416 1546 612 1608 lrrationolem
627 1547 705 1607 illum
719 1548 823 1609 iterum
838 1544 972 1607 dividunt
985 1546 1015 1605 in
1030 1544 1205 1606 Irascentem
1220 1559 1251 1606 et
1267 1548 1403 1629 Concupi-

331 1665 470 1714 soeutem.
482 1678 497 1706 a
512 1652 619 1727 Addit,
638 1679 653 1707 ι
667 1654 697 1711 in
708 1665 765 1713 tres
779 1675 796 1715 o
809 1652 937 1713 Zenone.
951 1679 967 1707 s
983 1641 1169 1713 lloctissimus
1186 1652 1335 1713 Pumelius
1349 1677 1403 1712 um-

332 1761 406 1844 bigit
418 1782 457 1821 nu
469 1781 528 1821 nou
548 1780 569 1819 u
589 1759 734 1834 Vonone,
761 1780 828 1819 num
848 1758 953 1835 Stoici,
975 1759 1086 1839 inquit,
1109 1772 1172 1822 octo
1197 1780 1247 1819 eus
1269 1760 1399 1821 lecenmt.

332 1864 418 1941 Quod
433 1886 533 1927 venum
549 1877 592 1925 est
605 1866 636 1925 iu
651 1864 773 1947 Physica
787 1865 853 1940 illu,
875 1877 907 1926 ut
926 1865 967 1923 sic
984 1862 1095 1938 dicum,
1111 1877 1140 1925 et
1155 1887 1209 1945 pro
1229 1878 1335 1925 natura
1353 1879 1401 1925 tota

331 1973 458 2049 Anime,
472 1972 612 2035 divisione
627 1996 636 2032 ε
650 1984 681 2033 at
692 1972 743 2032 nbi
757 1971 875 2032 Moralis
889 1993 934 2033 res
948 1992 1005 2055 pru
1017 1993 1125 2045 mauu,
1140 1984 1199 2031 tres
1214 1974 1303 2033 etiam
1317 1986 1401 2055 portes

331 2080 474 2144 faciebant
487 2102 553 2141 cum
568 2079 705 2155 Platone,
723 2078 946 2154 «Rationalem,
965 2070 1139 2139 irascentem
1152 2080 1215 2139 sive
1225 2081 1400 2153 Animosun,

200 2246 204 2256 ,
332 2200 362 2247 et
375 2188 662 2269 concupiscentem.»
681 2184 830 2248 Eseneca
848 2204 916 2246 mox
936 2184 1057 2245 videbis.
1077 2185 1182 2255 Porro,
1205 2212 1219 2239 a
1233 2186 1265 2245 in
1281 2188 1401 2268 quinque

332 2296 406 2356 etin
421 2316 473 2355 sex
487 2317 505 2356 a
519 2292 653 2355 Panetio.
668 2320 682 2347 a
698 2292 781 2354 Idem
796 2292 938 2353 Pomelius
953 2293 1073 2376 ambigit
1090 2315 1126 2352 un
1143 2314 1202 2352 non
1217 2314 1278 2353 vox
1302 2293 1399 2364 defiat,

330 2401 570 2483 seribendumque
587 2427 602 2455 ι
613 2401 645 2461 in
660 2401 789 2489 quinquo
804 2401 841 2461 ub
858 2389 1048 2461 Aristotele.»
1070 2396 1109 2459 Et
1127 2397 1218 2461 fateor
1233 2397 1313 2459 huuc
1328 2400 1400 2459 into-
1461 2418 1462 2473 l

330 2510 385 2569 rim
396 2509 437 2567 sio
449 2507 579 2567 divisisse
592 2506 666 2568 used
678 2506 743 2589 quis
757 2504 795 2567 de
809 2505 932 2565 Ponaetio
945 2504 1064 2565 firmiter
1080 2505 1167 2579 etium
1185 2505 1313 2579 uhnunt,
1326 2508 1400 2585 cujus
1461 2518 1462 2601 ]

329 2615 435 2697 scripto
448 2636 507 2674 nou
521 2612 653 2675 exstenti
668 2612 763 2673 Potuit
777 2614 807 2673 in
822 2612 908 2673 variis
922 2611 1003 2671 libris
1015 2610 1157 2684 variasse,
1173 2622 1204 2670 et
1216 2610 1306 2671 morlo
1319 2614 1401 2692 quiu-

329 2744 408 2805 que‚
423 2696 529 2804 aliquo¹
541 2720 679 2802 adspectu
694 2732 745 2781 ont
759 2738 865 2793 consu,
890 2717 976 2778 modo
992 2738 1043 2779 sex
1070 2718 1210 2799 posuisse.
1226 2716 1275 2777 De
1293 2720 1402 2778 oenurio
1461 2766 1462 2783 .

329 2850 469 2903 numero,
482 2828 565 2889 estin
576 2826 701 2888 Nemesii
716 2822 857 2887 Antistitis
870 2822 967 2885 libello
977 2825 1023 2885 De
1033 2824 1137 2885 Animo
1146 2823 1192 2907 (o.
1214 2824 1252 2885 15
1257 2823 1288 2905 )=
1304 2852 1319 2879 ι
1328 2824 1403 2885 huo

329 2934 458 3010 Stoicus,
474 2935 584 3015 inquit,
603 2944 770 2993 nonnarum
787 2932 910 3015 partium
925 2932 1059 2993 Animum
1071 2952 1133 2992 esse
1148 2944 1262 3006 censet,
1278 2934 1402 3013 partiens

328 3062 392 3101 eom
412 3042 443 3101 iu
459 3036 620 3123 Principem
635 3037 858 3122 ineuntem&
875 3040 1067 3123 ἡγεμονικόν),
1086 3041 1117 3099 in
1133 3040 1264 3121 quinque
1276 3039 1400 3112 sensu.

328 3160 358 3209 et
376 3147 464 3209 Vocis
487 3146 650 3221 mittendus,
677 3146 906 3230 procreandiquo
930 3149 998 3207 vim.
1027 3145 1166 3207 Pauaetins
1188 3146 1286 3230 (mole
1313 3148 1403 3209 editur
1461 3138 1462 3171 ³

329 3252 471 3337 Pentetus)
486 3253 672 3336 philosophus
688 3252 806 3315 edendo
820 3254 907 3314 Vocis
922 3253 1102 3329 lactsstntem,
1120 3256 1253 3315 motionis
1270 3256 1337 3335 ejus
1351 3278 1402 3337 qua
1461 3284 1462 3287 ¹

329 3382 382 3443 per
394 3382 427 3421 ue
440 3361 575 3421 animalia
594 3363 721 3435 cientur,
743 3374 854 3444 purtem
874 3384 935 3423 esse
950 3360 1012 3422 vult
1031 3384 1040 3421 ι
1057 3358 1217 3442 etquidem
1232 3364 1400 3423 rectissime.

233 3505 236 3518 ·
330 3469 551 3529 procreatricem
565 3488 650 3541 vero,
665 3489 723 3529 nou
739 3470 867 3543 Anime,
883 3467 934 3530 sed
949 3467 1061 3528 Nuturae
1076 3480 1198 3549 partem.
1212 3494 1226 3522 ι
1243 3470 1325 3531 Duos
1340 3492 1404 3553 ergo

330 3574 367 3635 de
388 3587 453 3635 octo
473 3574 563 3648 tollit,
587 3594 638 3636 sex
662 3576 807 3659 relinquit.
832 3575 928 3660 Pergit
946 3576 1160 3649 Termllinnus,
1184 3604 1199 3629 s
1211 3577 1241 3638 iu
1261 3590 1402 3658 septenis

329 3683 474 3744 Sorano.»
489 3680 569 3742 Nihil
579 3682 654 3743 ultm
668 3684 745 3757 scio,
762 3696 811 3743 unt
824 3684 892 3766 legi.
912 3710 926 3737 ι
939 3682 975 3743 In
990 3696 1054 3743 octo
1068 3704 1157 3766 penos
1168 3683 1378 3766 Chrysippum.
1389 3712 1401 3735 ι

328 3790 421 3851 Immo
431 3802 460 3850 et
469 3790 632 3863 Zenonem,
647 3802 680 3849 ut
691 3810 778 3870 supro
789 3790 957 3865 Nemeeius,
971 3802 1001 3849 ct
1013 3792 1203 3851 communiter
1212 3812 1317 3850 omnes
1329 3792 1404 3851 Stoi-

328 3918 386 3958 coo.
404 3896 533 3957 Luerfius
548 3919 557 3956 ι
575 3923 589 3951 ι
603 3896 701 3969 Partes
718 3896 827 3958 Anime
843 3910 907 3958 octo
923 3898 1040 3974 dicunt,
1057 3899 1185 3980 qrriuque
1202 3897 1331 3971 Sensus,
1350 3898 1404 3959 Se-

329 4004 466 4064 minulem
481 4005 511 4064 iu
532 4003 616 4063 uobis
633 4004 712 4075 vim,
730 4001 887 4078 Voculem,
905 4014 935 4063 et
949 4004 1184 4065 Ratiocinuntem.
1201 4030 1215 4056 a
1233 4002 1348 4077 Varro,
1375 4018 1403 4062 nt

329 4112 426 4184 solet,
444 4110 538 4172 Stoice
562 4108 659 4193 (VIII
684 4109 722 4169 ‹le
747 4108 830 4192 Liug.
853 4108 931 4191 lot.)
947 4134 956 4170 ι
974 4138 988 4164 ι
1004 4111 1107 4171 Animo
1126 4110 1217 4171 divisa
1237 4112 1268 4171 iu
1287 4124 1404 4172 octonos

327 4232 440 4299 portes,
463 4220 592 4303 quinque
615 4217 720 4301 quibus
739 4219 897 4291 sentimus,
915 4231 1022 4279 sextam
1043 4241 1099 4301 qun
1117 4220 1293 4302 cogitemus,
1311 4219 1403 4301 septi-
