2950 4934
325 487 367 550 62
607 483 647 546 L.
674 475 851 544 ANNAEI
874 473 1091 544 SENECAE

270 643 300 676 ῃ
326 611 471 678 luctatus
483 603 821 699 astla-Responde
833 605 919 673 mihi
941 603 1138 698 :Numquid
1149 621 1184 673 et
1194 606 1398 684 meliorest,

325 744 360 796 et
377 725 578 795 honestior?
593 725 622 793 si
640 720 715 792 haee
732 745 801 790 non
824 737 921 802 sunt,
944 745 989 791 ne
1013 714 1145 790 beatior
1167 721 1307 813 quidem
1329 738 1397 790 est.

325 844 464 914 Rectius
481 841 573 909 vivat
593 843 745 932 oportet,
765 853 805 906 ut
822 837 953 906 beatius
974 837 1068 909 vivst
1088 864 1096 903 ι
1124 838 1153 906 si
1179 837 1305 906 rectius
1329 862 1402 906 non

325 973 454 1052 potest,
477 981 521 1026 ne
540 957 672 1026 beatius
691 953 843 1046 quidem.
862 957 939 1022 Non
953 951 1143 1022 intenditur
1161 955 1293 1036 Virtus3
1313 978 1402 1047 ergo

326 1101 370 1146 ne
390 1073 489 1146 beata
507 1072 646 1166 qnidam
662 1073 754 1154 rita,
780 1095 857 1163 quae
877 1094 918 1138 ex
939 1072 1066 1140 virtute
1085 1086 1147 1140 est.
1167 1073 1284 1140 Virtus
1304 1053 1401 1140 enim

320 1207 457 1263 'tuntum
470 1192 598 1261 bonum
613 1205 680 1270 est,
694 1206 734 1258 ut
747 1190 828 1256 istas
840 1191 1050 1258 accessiones
1065 1191 1213 1259 minutas
1228 1212 1401 1258 nonsen·

327 1313 409 1394 tint,
429 1310 631 1378 brevitatem
649 1307 733 1389 aevi,
755 1322 790 1374 et
807 1305 976 1388 dolorem,
995 1321 1030 1374 et
1046 1307 1198 1398 eorporis
1214 1307 1323 1374 varias
1343 1306 1401 1373 of-

295 1510 298 1515 ,
329 1425 606 1492 lensiones.Nam
616 1421 772 1513 voluptas
782 1435 912 1488 nonest
921 1418 1214 1512 digna‚adqunm
1224 1420 1399 1512 respiciat.

272 1545 303 1598 ²3
328 1539 424 1633 Quid
442 1554 496 1607 est
518 1541 554 1606 iu
578 1539 712 1606 Virtute
734 1533 969 1630 praecipuum?
993 1537 1108 1606 futuro
1127 1561 1196 1606 nnn
1208 1535 1399 1632 indigere,

329 1681 393 1726 nec
414 1655 490 1725 dies
513 1679 592 1724 suos
614 1670 810 1747 computare
838 1680 846 1720 :
872 1654 909 1720 in
929 1653 1092 1745 quantulo
1118 1654 1202 1724 libet
1223 1659 1402 1748 ¹ternpore

264 1793 269 1802 ·
329 1771 419 1840 bons
435 1785 562 1838 aterna
579 1783 799 1836 consummat.
1106 1839 1114 1854 .

379 1885 600 1956 Incredibilia
616 1884 715 1954 nobis
732 1882 808 1954 hec
829 1882 1010 1969 videntur,
1036 1901 1070 1952 et
1094 1908 1197 1977 snpra
1215 1884 1403 1952 humanam

330 2020 485 2074 naturam
509 2003 749 2072 excurrentis:
778 2001 984 2094 majestatem
1006 2001 1098 2072 enim
1121 2002 1196 2092 ejus
1219 2024 1261 2069 ex
1285 2017 1404 2082 nostra

330 2119 563 2189 imbecillitate
591 2121 768 2200 metimur,
793 2133 828 2187 ot
845 2117 938 2186 vitiis
962 2119 1087 2188 nostris
1114 2140 1240 2200 nomen
1266 2119 1404 2186 virtutis

331 2238 547 2330 imponimus.
568 2234 664 2327 Quid
680 2256 801 2328 porro,
823 2257 893 2302 non
912 2259 1008 2326 mque
1023 2233 1227 2305 incredibile
1242 2233 1401 2316 videtur,

330 2354 478 2445 aliquem
498 2356 533 2420 in
555 2354 692 2422 summis
711 2352 917 2420 cruciatibus
933 2354 1099 2445 positum,
1117 2351 1234 2423 dicere
1251 2377 1260 2418 z
1279 2356 1406 2422 Beatus

331 2470 430 2536 sum?
451 2469 553 2560 Atqui
577 2469 651 2537 haec
672 2491 735 2536 vox
755 2469 791 2534 in
820 2469 893 2562 ipsa
916 2467 1055 2536 officina
1078 2467 1258 2560 voluptatis
1285 2469 1407 2536 audita

275 2602 307 2667 24
331 2600 394 2652 est.
416 2563 670 2667 BeatissimumJ
685 2586 817 2676 inquit,
831 2585 933 2652 'hune
958 2600 994 2652 et
1018 2583 1175 2654 ultimum
1190 2583 1280 2652 diem
1305 2607 1403 2677 ago,

331 2697 497 2794 Epicurus
510 2707 543 2784 ²,
563 2725 669 2794 quum
682 2700 777 2770 illum
793 2700 876 2768 hinc
888 2702 997 2768 urinae
1005 2699 1190 2768 difficultas
1206 2717 1403 2791 torqueret,

332 2818 414 2886 hinc
430 2817 628 2887 insanabilis
647 2818 829 2888 exulcerati
842 2817 939 2887 dolor
950 2819 1093 2886 ventris.
1109 2817 1227 2909 Quare
1243 2841 1326 2910 ergo
1347 2819 1408 2884 in-

333 2934 510 3003 credibilia
529 2937 592 3002 ista
608 2937 676 3004 sint
689 2934 782 3028 apud
799 2957 874 3014 eos,
890 2934 952 3025 qui
971 2934 1132 3001 virtutem
1145 2934 1276 3014 colunt3
1294 2956 1407 3024 quum

333 3051 424 3145 apud
441 3063 499 3120 eos'
514 3074 650 3144 quoque
668 3052 896 3145 reperianorn
910 3049 1002 3142 apud
1019 3073 1104 3142 quos
1119 3049 1271 3143 voluptas
1289 3051 1408 3143 impe-

333 3171 446 3238 ravit?
459 3171 502 3237 Hi
514 3151 648 3265 quoque
662 3168 867 3262 degeneres,
881 3184 916 3236 et
925 3166 1123 3236 humillimae
1132 3169 1272 3250 mentis,
1285 3166 1405 3252 siunt,

370 3409 390 3440 r.
403 3389 438 3440 In
450 3390 577 3458 quantulo
585 3389 766 3458 libetlempore
775 3386 844 3441 dono
891 3390 1011 3462 temporis
1020 3389 1153 3444 iutsmlls
1161 3390 1333 3461 requiruntur.
1345 3392 1411 3444 An-

334 3476 431 3520 atemo
443 3478 613 3519 consummat.
625 3465 669 3518 stc
682 3485 728 3520 ms.
742 3487 770 3519 a.
785 3485 843 3518 curn
892 3483 931 3524 m
949 3489 957 3523 t
973 3474 1002 3522 r'n
1019 3471 1181 3540 qmsdr'bet
1199 3479 1313 3538 tempore
1333 3472 1411 3524 horn

334 3543 398 3596 aliis.
407 3542 536 3612 ill-Qun
544 3542 600 3598 lect.
611 3564 654 3618 per
661 3565 686 3597 ss
698 3545 793 3618 optimo
803 3542 844 3596 in·
893 3559 990 3601 oeterm
1001 3559 1171 3601 consummat.

334 3620 464 3694 telligitur.
474 3619 560 3694 Vulgo
574 3627 602 3674 r'n
611 3624 772 3692 quantolibet
779 3633 845 3675 tem·
926 3647 948 3678 a.
962 3627 1105 3695 Epiaims«
1113 3626 1154 3678 Gl-
1166 3625 1200 3678 ad
1213 3624 1261 3698 Ep.
1273 3639 1353 3691 ml,
1367 3645 1411 3689 ¹7·

332 3721 395 3770 pom
407 3710 503 3754 oetema
520 3721 706 3754 consummare.
721 3701 795 3753 Hanc
807 3699 845 3751 le·
897 3705 933 3757 18.
946 3704 1014 3756 Sunt
1030 3702 1085 3756 hae
1097 3702 1225 3775 desumpta
1241 3721 1272 3753 er
1288 3699 1414 3772 Epistola

334 3780 444 3832 ctionem
455 3779 586 3832 invenerat
594 3777 745 3832 Gronov.'in
753 3797 812 3831 mss.
820 3791 845 3831 et
893 3780 1037 3835 llsrmaclto
1061 3781 1158 3848 missa,
1184 3799 1241 3850 que
1264 3790 1342 3832 sustst
1366 3799 1414 3850 sp.

334 3860 433 3934 recepit
447 3859 534 3928 Quam
542 3858 669 3932 llnhlopf.
682 3859 732 3923 sic,
742 3877 844 3912 necu-
893 3859 972 3931 Diog.
989 3861 1071 3912 hert.
1088 3859 1129 3925 X,
1151 3880 1198 3917 υ,
1212 3877 1282 3911 versa
1296 3857 1325 3910 in
1344 3857 1413 3911 lati-

335 3939 366 3990 tis
383 3937 482 4004 lucide,
502 3939 680 4012 interpretatur
691 3954 698 3988 t
709 3935 741 3988 in
757 3955 844 4007 quan·
894 3958 956 3992 num
969 3959 1112 3992 sermonem
1126 3959 1165 4012 sp.
1176 3939 1295 3992 Ciceron-
1304 3940 1338 3992 ds
1347 3938 1413 3993 Pin.

334 4015 423 4068 tolibet
437 4027 548 4090 ternpore
563 4017 594 4070 sd
609 4015 774 4071 eternitatem
784 4033 846 4087 prr-
894 4018 933 4081 ll,
950 4018 982 4070 3⁰
993 4035 1001 4069 ε
1011 4017 1158 4090 «Epicurus
1166 4016 1312 4071 llermaclro
1326 4017 1415 4071 Salus.

335 4093 435 4160 venire,
456 4094 497 4146 val
515 4106 582 4147 terta
601 4095 661 4160 illa,
676 4111 733 4165 quie
752 4105 846 4146 aterna
894 4095 920 4147 d,
939 4096 1027 4165 Quum
1040 4113 1170 4167 ageremus
1187 4093 1245 4148 vilse
1261 4094 1367 4148 beatum
1385 4109 1415 4147 et

334 4184 408 4237 sunt,
420 4191 511 4246 nempe
521 4193 579 4226 vera
592 4184 616 4226 st
624 4171 699 4226 unies
709 4172 777 4226 bons
787 4191 846 4244 per-
893 4173 1010 4226 eumdem
1022 4191 1167 4247 supremum
1175 4172 1262 4237 diem,
1275 4173 1415 4227 scribeba-

335 4249 409 4304 lieere
423 4271 450 4304 ac
464 4264 605 4315 maturare,
619 4251 650 4305 sd
664 4250 732 4320 quod
746 4252 774 4303 in
787 4249 844 4303 aliis
892 4270 949 4304 mus
961 4251 1106 4307 bellanti
1116 4264 1199 4306 sutem
1210 4251 1415 4307 morbisdsrant

815 4432 827 4474 l
