2950 4934
232 495 476 568 rnrsrou.
502 495 758 568 srorcon.
784 495 881 566 nin.
906 497 959 564 11.
1061 501 1126 596 ⁵7⁵

56 644 150 712 nitur;
162 639 424 724 significatarum,
437 639 612 700 immobilem
630 661 684 722 per
699 659 731 700 se
747 651 776 700 ct
789 639 965 700 inefficacem
978 638 1128 702 blateriam
1235 697 1240 704 .

56 745 176 805 animari
197 747 234 805 ab
251 745 305 805 hoe
323 745 396 828 Igne
408 742 478 827 (ille
497 745 547 826 qui
563 743 660 818 Deus,
678 757 708 803 et
724 742 851 826 Ratio)=
872 745 1030 806 annaliter
1041 769 1128 829 qnam

57 875 152 912 semen
167 855 289 934 ejusque
312 854 429 934 spiritua
450 862 482 910 et
503 851 581 912 calor
600 848 700 912 loetum
720 850 863 923 formant,
888 864 1013 934 augent,
1037 853 1126 916 alunt.

57 957 187 1019 Notanda
202 960 290 1042 igitur
304 971 334 1018 et
348 957 395 1017 bic
413 963 490 1039 λάχοι
501 957 602 1017 vocula
614 981 623 1016 ι
635 977 693 1038 qua
707 957 808 1017 crebro
821 958 851 1017 in
863 955 916 1018 hac
928 958 1129 1022 Generationis

56 1085 87 1122 re
99 1076 237 1138 utuntur,
254 1077 286 1124 ut
295 1065 405 1126 Seneca
416 1062 531 1146 (Epist.
546 1062 647 1143 nxv)a
662 1091 676 1116 ιι
684 1063 776 1124 Causa
787 1075 898 1138 autem,
910 1064 939 1124 td
951 1079 1011 1140 est,
1028 1067 1125 1143 Ratio,

55 1169 206 1230 Materiam
223 1169 336 1230 format.
354 1196 369 1223 ι
390 1170 497 1230 Iterum
515 1168 650 1250 (Consul.
671 1169 709 1228 ad
723 1168 824 1242 Helu,
842 1191 905 1250 cap.
927 1169 1129 1253 v111)=«1n·

56 1277 210 1358 corporalis
230 1277 335 1351 Ratio,
358 1277 517 1358 ingentium
538 1295 657 1356 operum
681 1273 795 1336 artifex.
807 1301 821 1327 ιι
839 1274 1023 1359 lugentium,
1044 1280 1129 1340 totius

55 1383 168 1444 Mundi.
180 1384 245 1458 Ait,
259 1384 464 1465 rircorporule’ra
479 1383 638 1464 quiamens
656 1385 718 1465 ipsa
735 1383 791 1444 Dei
810 1395 871 1457 est,
893 1397 923 1446 et
942 1385 1074 1461 animm,
1095 1398 1129 1446 ut

55 1492 94 1549 sic
105 1491 219 1564 dicam,
232 1491 322 1574 Ignis.
339 1491 442 1550 Fatum
459 1492 661 1571 interpretatur
676 1489 771 1564 Ζειιο,
789 1491 836 1550 alii
856 1490 1066 1553 Providentiam
1079 1517 1087 1551 ι
1100 1504 1129 1552 ct

56 1599 160 1658 utrovis
181 1619 269 1658 sensu
284 1609 368 1679 poeta
387 1596 524 1656 Manilius
540 1592 712 1678 (gennadus
731 1593 861 1680 Stoicus)
877 1597 978 1678 saepius
997 1610 1126 1680 usurpat.

56 1703 93 1763 Ut
108 1705 138 1763 in
153 1704 210 1764 ista
225 1725 256 1764 re
274 1703 430 1786 gignendi,
448 1702 547 1762 Sidera
562 1715 591 1763 et
607 1703 724 1774 celum,
746 1723 808 1762 esse
830 1729 843 1756 ι
857 1702 981 1762 Caelestis
1000 1703 1129 1764 Rationis

57 1831 124 1890 opus
136 1808 209 1891 (lib.
227 1807 273 1892 Ι).
290 1835 304 1862 ιι
326 1808 400 1869 Tale
416 1831 511 1870 umen
528 1809 680 1891 relaiJuLuc.
697 1809 796 1889 Ipsum
813 1808 934 1891 Ignem,
955 1811 1014 1872 sive
1040 1810 1129 1871 Calo-

57 1938 131 1992 rem,
143 1919 195 2000 qui
207 1915 337 1976 Humido
344 1917 491 1987 miscetur,
502 1927 586 1975 vocat
592 1915 710 1976 &ment
718 1913 839 1976 Ratione
852 1928 946 1976 tamen
957 1915 1005 1976 illa
1014 1937 1128 2000 semper

58 2023 198 2102 adjuncta.
215 2019 401 2094 Plutarchus,
416 2020 553 2080 adversm
567 2031 677 2078 nostrm
691 2042 701 2079 ι
716 2046 730 2073 ιι
741 2019 845 2080 Mundi
856 2041 953 2080 semea
965 2020 1066 2103 Ignem
1078 2022 1128 2082 di-

58 2140 132 2187 eunt.
146 2153 161 2180 ιι
177 2127 244 2186 atio
263 2126 373 2200 verbo,
393 2125 445 2186 sed
469 2124 569 2186 eodem
585 2146 690 2198 meu,
706 2125 860 2195 Aristocles
874 2125 951 2208 apud
970 2126 1127 2190 Eusebium
1209 2139 1218 2155 ⁸

58 2231 89 2313 (Ι
104 2229 221 2313 lead.)
241 2255 250 2291 r
262 2252 286 2286 ἰι
296 2231 478 2292 Elementum
491 2251 587 2295 rerum
596 2231 724 2290 omnium
735 2230 836 2314 Ignem
846 2231 959 2307 dicunt,
971 2234 1033 2313 ejus
1044 2235 1127 2316 prin·

59 2339 148 2418 cipia,
170 2338 268 2399 Deum
284 2350 315 2398 ct
333 2337 525 2398 Materiam.»
547 2335 626 2398 Bene
643 2337 814 2409 Aristaee„
834 2350 863 2398 et
881 2337 960 2398 Deus
983 2341 1043 2400 sive
1064 2342 1127 2423 ipsa

60 2443 156 2519 Ratio,
174 2445 213 2504 ab
228 2441 283 2503 boc
296 2443 368 2527 Igne
382 2441 564 2524 disparandae.
587 2469 602 2496 ι
613 2441 709 2517 Zeno,
726 2443 803 2524 apud
819 2443 984 2506 Ciceronem
993 2445 1082 2528 (cia,
1095 2447 1126 2508 ΙΙ

61 2547 93 2607 de
101 2549 165 2609 Nat.
180 2547 309 2631 Deum),
328 2549 425 2608 statuit
445 2548 547 2630 ignem
564 2568 627 2608 esse
642 2547 734 2628 ipsam
752 2559 900 2622 natricem,
919 2572 982 2631 quae
998 2553 1126 2634 quidque

60 2655 201 2736 gigneret,
219 2666 248 2714 et
261 2665 389 2714 mentem
405 2665 490 2734 atque
506 2672 617 2712 senam.
630 2677 645 2704 ιι
662 2651 762 2728 Qualis
780 2663 874 2713 autem
887 2652 934 2716 hic
950 2655 1050 2737 Ignis?
1068 2681 1125 2719 non

60 2773 89 2818 nt
102 2761 149 2821 ille
162 2773 277 2834 noster,
296 2761 346 2842 qui
361 2769 463 2819 cuncta
476 2757 617 2817 disturbat
630 2779 663 2816 ae
675 2755 794 2839 dissipat
806 2781 815 2818 a
829 2759 881 2818 aed
896 2761 1012 2820 «vitalis
1030 2787 1062 2823 ac
1076 2785 1126 2824 sa·

60 2865 168 2940 lutaris,
186 2867 237 2948 qui
251 2866 347 2926 omnia
364 2875 529 2937 conservat,
548 2864 615 2936 alit,
633 2877 734 2946 auget,
750 2866 886 2938 sustinet,
909 2887 1051 2949 sensuque
1063 2872 1126 2930 affi-

62 2973 96 3032 cit
109 2997 117 3033 ι
132 2999 147 3027 ιι
161 2975 276 3056 qualem
287 2974 318 3032 in
329 2971 470 3032 sideribus
479 2970 620 3029 videmus.
636 2969 722 3030 Plura
733 2983 827 3032 autem
845 2993 931 3054 snper
942 2985 1000 3034 tota
1010 2973 1063 3035 hae
1073 2997 1123 3052 ie,

60 3079 105 3138 ubi
123 3080 159 3141 de
175 3079 334 3142 Exustione
353 3075 465 3136 mundi.
485 3075 593 3134 Ultima
610 3073 715 3135 Laertii
727 3097 736 3133 ε
750 3073 838 3152 Gr’gni
849 3077 972 3155 pdmum
988 3079 1126 3139 elementa

61 3196 184 3265 quamor,
204 3188 312 3264 ignem,
336 3203 456 3267 amam,
478 3202 589 3250 mmm,
612 3190 728 3241 marma.
753 3180 835 3240 ldem
857 3179 984 3242 Laenius
1003 3198 1122 3265 posteat

64 3318 77 3343 ιι
88 3291 172 3375 Gigni
191 3290 351 3364 blandum,
364 3309 454 3372 qaum
472 3308 508 3348 ex
520 3286 593 3368 Igne
604 3283 674 3368 (qui
685 3287 826 3347 exustioni
840 3287 983 3370 reliquus)
993 3287 1125 3350 Essentia

61 3401 171 3460 vertitur
181 3399 346 3481 perderem
357 3396 388 3455 in
398 3396 555 3455 Humorem
564 3417 571 3463 ;
584 3391 690 3453 deinde
698 3393 820 3452 crassior
828 3395 889 3472 ejus
900 3415 966 3476 pers
976 3396 1008 3454 fit
1017 3397 1122 3469 Tem3

62 3505 131 3586 qtrod
144 3505 275 3576 ῐειιιιῐιιο,
288 3504 364 3573 Aer5
379 3502 523 3584 reliquam
539 3499 629 3581 magis
644 3511 747 3572 tenue,
760 3496 850 3582 Ignis.
864 3525 878 3554 ιι
890 3499 947 3560 Sed
955 3500 1001 3562 bic
1011 3503 1125 3586 Aquam

61 3611 175 3686 omittit,
197 3624 281 3671 antea
295 3610 434 3692 pesitum,
455 3621 484 3668 ct
501 3618 578 3668 recte
597 3628 606 3664 a
628 3625 722 3685 neque
737 3607 816 3666 enim
827 3605 983 3668 Materialis
993 3610 1041 3669 illu
1050 3631 1125 3692 equa

61 3716 115 3776 sive
126 3715 240 3790 humor,
255 3737 324 3776 vere
341 3715 514 3775 elementum
534 3711 621 3792 Aquae
637 3722 698 3783 est,
714 3710 766 3772 sed
782 3709 884 3772 faciem
903 3711 1050 3774 dumtaxat
1062 3717 1124 3796 eius

61 3817 153 3898 babet,
170 3819 323 3883 multifaria
339 3820 444 3901 alioqui
464 3817 613 3878 mixtione.
632 3814 703 3876 Hae
721 3817 808 3898 igitur
824 3818 854 3876 in
868 3815 948 3880 brevi
964 3818 1122 3882 Stoicorum

62 3929 210 4002 sententia,
226 3948 313 4009 snper
329 3947 426 3985 rerum
443 3921 562 3983 conditu
575 3945 584 3980 r
598 3930 666 3982 cum
681 3943 738 4002 qna
755 3921 839 3980 valde
855 3922 1056 4006 Trismegiatns
1073 3928 1122 3986 ille

62 4034 197 4095 consensit
216 4058 225 4093 ε
247 4060 261 4088 ιι
274 4033 357 4094 Ratio
375 4043 473 4092 anneta
493 4025 573 4112 (sive
593 4026 742 4110 Verbum)
757 4027 870 4088 Nature
890 4035 1075 4111 supervenit,
1092 4045 1122 4093 et

62 4137 133 4222 ignia
146 4164 235 4225 purus
248 4141 364 4204 exsiluit
377 4160 415 4200 ex
427 4136 557 4198 Humida
573 4147 674 4197 natura
688 4137 719 4193 in
734 4135 821 4194 altum
831 4178 840 4209 ,
850 4161 864 4188 ιι
882 4137 976 4219 inquit
987 4135 1064 4221 (cap.
1080 4140 1119 4222 r).

63 4247 198 4332 bdditque
206 4271 275 4313 mox
288 4272 297 4312 a
311 4245 524 4309 «Merebantur
536 4255 646 4316 autem,
658 4265 675 4301 a
687 4241 808 4304 Ratiorm
818 4243 953 4325 spiritali,
965 4267 1027 4328 qna
1037 4268 1123 4330 super
