2950 4934
371 451 601 520 amunta
623 445 852 520 senece.
1085 454 1152 550 to

74 583 229 652 invenire
254 583 376 676 possis.
400 581 527 676 Quoere
550 583 643 651 inter
659 582 821 651 liberales
836 597 946 669 artes,
970 585 1062 651 inter
1084 585 1152 654 hu-

74 713 170 783 nesta
187 712 221 765 et
239 711 335 766 recta
359 693 502 766 officia:
522 698 692 790 quercia
717 695 906 766 laboribus.
925 695 991 765 Ad
1003 721 1152 768 mensum

74 816 138 882 ista'
169 836 225 884 res
246 839 317 885 non
340 816 508 908 quaeritur
529 839 537 882 t
558 836 675 908 quiere
702 812 852 906 aliquem
878 813 984 908 frugi.
1014 813 1154 883 Perdidi

72 927 231 999 amicum.
254 931 393 1010 Fortem
407 930 560 998 animum
575 927 686 1009 habe,
710 926 742 995 si
761 951 867 997 uuum
888 953 897 992 :
917 927 1152 1015 erubesce‚si

73 1046 211 1113 unicum
232 1069 241 1108 ε
261 1046 347 1139 quid
360 1061 399 1116 tu
414 1047 452 1114 iu
465 1060 559 1116 muta
572 1058 771 1140 tempestate
788 1043 833 1114 nd
847 1067 949 1112 unam
968 1045 1152 1115 anchoram

73 1161 210 1230 stabas?

120 1277 272 1348 Uxorem
297 1279 419 1347 bonam
446 1279 557 1346 amisi.
587 1279 710 1347 Utrum
735 1278 916 1346 inveneras
938 1277 1080 1360 bonnm,
1109 1303 1152 1347 an

74 1395 204 1462 feceras
214 1396 231 1462 i
242 1391 281 1464 Si
299 1396 499 1478 inveneras,
515 1395 645 1464 babere
661 1392 777 1464 adbuc
795 1411 828 1464 te
844 1419 943 1490 posse
958 1419 1000 1464 ex
1017 1395 1083 1464 boc
1095 1396 1152 1463 in-

73 1511 209 1606 telligas
223 1512 324 1597 licet,
342 1511 436 1606 qnod
452 1513 603 1581 habuisti
621 1539 629 1581 :
648 1513 678 1580 si
693 1512 843 1593 feceras,
859 1512 949 1600 bene
963 1537 1083 1607 speru3
1100 1537 1154 1582 res

73 1629 178 1719 periit
197 1651 206 1693 t
232 1629 344 1698 salvus
358 1645 410 1698 est
422 1629 555 1698 artifex.
579 1630 686 1698 Amisi
699 1652 839 1698 uxorem
853 1628 990 1698 bonam.
1008 1628 1104 1722 Quid
1117 1631 1153 1698 in

73 1743 132 1810 illa
152 1745 350 1838 probabas?
367 1745 597 1816 Pudicitiam?
613 1746 727 1840 Quam
745 1745 857 1814 multae
874 1744 935 1813 diu
952 1743 1154 1816 custoditam

71 1860 277 1955 perdidere!
298 1867 439 1933 Decus?
456 1865 571 1956 Quum
596 1861 711 1931 multe
731 1864 824 1930 inter
847 1860 1005 1956 probatas
1024 1877 1157 1930 matro-

72 1978 163 2047 nalis
175 1980 328 2066 ordinis,
350 2003 425 2050 esse
441 1996 618 2075 coepernnt
631 1998 748 2074 postca
766 1979 858 2046 inter
870 1977 1023 2070 exempla
1043 1993 1155 2046 muta-

73 2098 205 2164 tarnmi
215 2096 472 2166 Delectabatte
485 2096 573 2165 fides
587 2097 662 2188 ejus
676 2098 692 2163 P
705 2096 818 2187 Quam
833 2095 955 2164 multas
964 2116 1004 2162 ex
1018 2093 1156 2186 optimis
1297 2183 1302 2190 ,

72 2211 280 2304 conjugibus
297 2213 462 2305 pessimas
476 2210 649 2292 videmus,
673 2233 714 2278 ex
730 2208 1004 2306 diligentissimis
1021 2207 1156 2278 solutis·

72 2325 198 2394 simas!
223 2329 387 2396 Omnium
415 2326 554 2421 quidem
580 2327 986 2421 imperitorum-animus,
1014 2325 1157 2392 maxime

70 2460 188 2537 tamen
208 2441 407 2525 muliebris,
428 2441 618 2511 inlubrico
637 2457 702 2510 est.
718 2443 755 2511 si
781 2441 904 2511 bonnm
926 2463 1066 2510 uxorem
1088 2440 1157 2508 lra-

72 2559 202 2640 buisti,
230 2583 300 2628 non
329 2573 428 2652 potes
450 2558 625 2627 affirmare
646 2561 684 2626 in
711 2558 772 2627 illo
795 2582 870 2627 cnm
899 2581 1156 2652 permansuram

72 2677 182 2745 inisse
202 2677 388 2769 proposito.
407 2673 504 2743 Nihil
523 2689 592 2742 tum
607 2673 733 2743 mobile
748 2698 850 2768 quam
871 2675 1074 2768 feminarum
1092 2699 1155 2744 vo-

69 2799 208 2884 luntns3
223 2796 312 2865 nihil
326 2813 394 2866 tam
408 2821 542 2891 sagum.
561 2797 726 2865 Novimus
750 2813 902 2866 veterum
920 2797 1155 2866 matrimonio·

70 2942 152 2986 rum
169 2913 315 3009 repudia
332 2945 342 3002 3
357 2931 413 2998 et,
434 2911 595 2982 foediores
614 2911 785 2997 divortio,
807 2911 894 2982 male
911 2914 1154 2984 coherentinm

68 3037 182 3102 rixas.
201 3032 314 3125 Quam
335 3031 450 3101 inulte
470 3054 557 3123 quos
576 3031 613 3098 in
628 3027 858 3099 adolesoentia
874 3046 1093 3114 amaverunt,
1117 3034 1154 3100 in

70 3150 251 3220 communi
273 3148 448 3241 reliquere
476 3144 671 3216 senectute!
692 3147 827 3240 quoties
852 3147 945 3216 anile
969 3147 1154 3217 disortium

69 3268 243 3336 risimus?
256 3289 357 3358 quam
376 3265 566 3332 multarum.
575 3279 676 3332 notus
690 3285 787 3332 amor
803 3263 882 3334 odio
897 3265 1030 3334 notiore
1041 3281 1153 3334 muta-

70 3405 129 3454 tus
146 3381 219 3452 est!
237 3382 305 3452 Sed
317 3384 390 3452 haec
403 3398 439 3451 et
452 3381 517 3451 luit
531 3381 641 3464 bona,
658 3397 693 3449 et
706 3381 839 3466 fuisset,
853 3383 882 3450 si
898 3383 1049 3452 vixisset.
1060 3385 1154 3453 Mors

68 3503 211 3587 effecit,
233 3518 271 3571 ut
285 3501 457 3570 affirmare
471 3498 507 3568 id
522 3499 595 3568 sine
609 3499 765 3594 periculo
783 3501 906 3595 possis.
922 3500 1050 3570 Bonam
1068 3525 1155 3570 uxo-

68 3645 151 3688 rem
162 3619 274 3699 amisi.
290 3619 469 3701 Invenies,
485 3625 513 3685 si
524 3614 612 3684 nibil
623 3617 820 3711 quaerisnisi
834 3615 970 3686 bonam.
986 3619 1041 3684 Tu
1052 3616 1153 3686 modo

67 3763 117 3809 ne
129 3739 298 3832 imagines
305 3758 517 3833 proavosque
527 3735 715 3831 respexeris
722 3784 733 3818 ,
746 3758 811 3804 nec
821 3735 1083 3829 patrimonium,
1096 3736 1152 3803 cni

59 3858 145 3949 jam
167 3857 245 3948 ipsa
268 3852 430 3923 nobilitas
452 3853 565 3921 cessit.
591 3851 660 3920 Ista
678 3848 740 3920 diu
762 3873 840 3922 cum
866 3851 974 3920 formu
998 3875 1068 3918 non
1095 3855 1152 3918 re·

64 3971 293 4072 pugnabunt.
310 3969 460 4040 Facilius
474 3992 575 4062 reges
588 3968 739 4038 animum
756 3967 850 4036 nulla
861 3968 1010 4036 vanitate
1024 3983 1153 4036 tumen·

64 4109 159 4160 tem.
181 4091 260 4158 Non
276 4087 421 4156 multum
437 4086 534 4156 ubost
550 4110 573 4154 a
587 4101 785 4181 contemptu
797 4086 884 4168 uiri,
902 4107 977 4177 qne
996 4107 1033 4152 se
1049 4084 1151 4152 nimis

62 4207 233 4302 suspicit.
250 4205 327 4276 Duc
346 4203 435 4272 bene
453 4203 663 4288 institutam,
682 4226 746 4272 nec
760 4203 922 4272 maternis
939 4202 1150 4296 inquinatam
