2950 4934
266 455 507 528 PHYSIOL.
532 451 905 525 STOICOR.L1B.
932 451 981 519 ll.
1095 453 1161 524 565

100 605 146 667 obi
160 587 196 664 alr
207 586 364 666 Eleusinis
380 621 413 696 ea
428 597 531 662 dividit
543 625 552 659 z
570 627 584 653 κ
594 597 633 659 Et
645 617 764 680 corpora
781 618 843 657 csse
855 597 1014 680 Principia,
1031 609 1059 656 et
1069 593 1166 660 forme

99 710 232 793 expertia.
250 739 265 765 a
280 711 340 771 Ubi
359 723 455 770 tauma
469 709 523 770 viri
543 707 618 768 docti
640 706 763 767 fidenter
777 703 937 764 rescribunt
954 727 962 762 s
981 731 996 758 a
1014 701 1051 763 Et
1071 705 1167 764 incor-

97 841 182 900 porea
195 839 257 880 ease
270 817 426 899 Principia.
446 842 460 870 a
475 814 561 891 Quod
575 833 628 897 pro
643 812 789 873 communi
804 809 900 872 nosira
913 809 1094 893 plrssosophia
1108 832 1165 872 vc-

96 945 158 982 mm
173 923 274 997 fateor,
286 924 380 983 abnuo
392 921 607 983 destoicorum.
622 920 690 1004 lpse
704 921 782 979 enim
792 917 870 979 Date
876 919 915 982 iis
928 939 1046 1000 corpus,
1061 916 1163 990 idest,

95 1029 207 1091 Seneca
223 1057 238 1086 a
251 1031 360 1102 Cannas
371 1031 467 1090 omnia
482 1049 610 1090 movens.
623 1054 637 1080 a
653 1029 698 1085 Aa
712 1049 771 1088 nou
787 1026 1061 1107 Corpnssit‚q1imr1
1077 1025 1164 1086 ctiam

96 1138 205 1197 Animal
235 1137 301 1198 cst?
324 1137 368 1197 lta
393 1137 470 1196 euim
494 1135 572 1195 idem
593 1133 700 1194 Seneca
723 1129 825 1193 dividit
849 1132 916 1192 alibi
940 1129 1054 1214 (Epist.
1084 1129 1166 1214 mx.)

97 1271 109 1297 ιι
128 1243 257 1325 Corpus,
273 1245 303 1304 in
318 1244 498 1315 Animalia,
515 1253 545 1300 ει
557 1242 702 1309 inanima;
718 1241 816 1300 rursus
833 1235 974 1298 Animalia
990 1251 1041 1298 aut
1057 1239 1164 1299 Morta-

93 1350 230 1422 liceant,
247 1362 297 1409 aut
313 1348 497 1408 Immortalis.
513 1373 527 1400 a
545 1343 583 1405 Et
597 1347 651 1407 stab
661 1345 718 1404 hac
733 1347 829 1426 specie
844 1345 892 1405 Dii
906 1363 938 1404 ac
963 1341 1051 1406 Genii
1066 1347 1162 1405 conti·-

92 1467 204 1515 uentur.
221 1452 322 1536 Neque
337 1453 420 1514 aliter
433 1453 481 1512 alii
498 1476 506 1511 s
523 1473 599 1512 uuus
618 1450 704 1511 modo
724 1451 817 1510 nodus
833 1469 879 1511 me
894 1451 963 1534 ligat
977 1449 1013 1509 ab
1030 1443 1162 1532 ipso'Se·

93 1582 161 1621 neca
174 1563 295 1641 injectus
306 1605 315 1635 ‚
327 1562 376 1642 qui
387 1560 453 1620 ahlri
464 1561 587 1641 primam
596 1555 674 1617 illam
686 1559 808 1617 Causam
818 1559 943 1641 appellat
951 1555 1160 1638 Incorpomlem

90 1663 221 1747 (Consul.
234 1665 272 1726 ad
284 1666 371 1726 Helv.
384 1687 448 1747 cap.
462 1663 501 1746 8)
514 1688 523 1723 ε
540 1691 554 1718 a
568 1664 703 1744 Quisquis
716 1661 853 1722 formator
866 1663 999 1724 Universi
1014 1661 1160 1748 fuitptive

91 1773 137 1834 dle
159 1774 240 1833 Dens
261 1785 304 1831 est
323 1785 424 1854 potens
440 1773 586 1846 omnium,
611 1773 672 1830 sive
692 1770 876 1851 incorporalis
895 1769 979 1829 ilatio
1001 1770 1172 1852 ingentium.

90 1901 209 1960 operum
224 1877 344 1951 artifex,
360 1878 422 1936 sive
436 1877 549 1938 divinus
568 1875 690 1958 Spiritus
706 1897 760 1956 per
775 1876 870 1934 omnia
886 1875 1025 1934 intensas.
1050 1903 1064 1928 u
1085 1875 1159 1936 Pm-

89 1983 160 2046 iccto
169 1983 232 2044 haec
244 1987 317 2045 ratio
330 1996 373 2045 est
383 1985 480 2059 Dans,
495 1997 545 2044 ant
557 1985 611 2044 Dei
621 1984 723 2043 melior
732 2003 799 2064 pars
811 2005 820 2042 a
833 1991 862 2042 ει
872 1983 896 2041 si
908 1983 956 2041 illa
968 1984 1134 2064 incorporea
1148 2008 1155 2053 ;

89 2116 138 2153 cur
148 2115 208 2153 non
222 2091 345 2167 Fatum,
362 2091 560 2167 Providentia,
574 2091 690 2153 iustitia
701 2089 756 2151 Dei
772 2102 801 2151 et
815 2090 976 2172 Sapientia3
992 2089 1159 2172 etvdenique

88 2201 147 2281 ipsa
161 2203 193 2261 in
207 2201 290 2260 nobie
305 2199 410 2274 Ratio,
428 2221 493 2280 pars
509 2198 603 2259 itlius?
618 2197 677 2258 Vix
691 2199 794 2279 opinor
804 2197 857 2257 ltoc
869 2197 980 2270 Stoice,
995 2196 1050 2257 sed
1062 2198 1157 2278 potius

89 2305 232 2368 Platonica
247 2306 355 2368 dictum
372 2330 380 2366 ι
399 2318 449 2366 out
463 2307 487 2365 si
503 2317 560 2379 est,
578 2307 695 2366 seorsim
712 2291 732 2365 a
743 2304 808 2365 Deo
824 2317 853 2366 et
868 2305 904 2365 ab
918 2305 990 2388 Igne
1005 2325 1066 2366 cam
1081 2327 1157 2364 nunc

87 2415 186 2496 aspicit
201 2425 231 2476 et
243 2414 357 2488 avellit,
372 2435 431 2472 uon
449 2413 518 2473 alibi
532 2411 649 2473 factum.
665 2413 750 2472 Certe
765 2411 850 2472 Ratio
865 2413 966 2474 Prima
984 2411 1079 2472 Carasa
1090 2425 1151 2484 est,

87 2533 171 2602 atque
187 2543 223 2582 ca
244 2519 338 2601 palam
359 2520 469 2601 Corpus
489 2513 635 2578 illidicta.
658 2515 711 2577 Est
725 2519 880 2578 etaxioma
894 2517 995 2578 Stoicis
1012 2530 1121 2578 certum
1144 2540 1152 2576 a

89 2656 103 2682 u
116 2627 211 2689 Omne
235 2627 314 2710 quod
340 2639 404 2699 est,
421 2647 483 2687 esse
497 2647 601 2706 corpus
616 2651 630 2678 s
658 2649 667 2682 ε
690 2647 728 2683 an
747 2646 805 2684 uon
833 2625 915 2684 Ratio
937 2624 1001 2684 cst?
1024 2623 1153 2685 Laertius

85 2731 152 2812 (lib.
168 2729 274 2815 XV)=
300 2759 314 2786 α
331 2731 440 2813 Corpus
463 2743 507 2792 est
525 2731 608 2810 juxta
626 2731 703 2811 ipsos
725 2729 867 2790 Esseutia.
889 2756 902 2784 a
923 2729 1058 2790 Numenii
1082 2729 1174 2792 liber·

85 2841 185 2900 citatur
206 2839 244 2899 ab
263 2836 411 2899 Eusebio:
430 2865 444 2892 a
464 2837 550 2913 Quod
568 2858 627 2897 non
647 2837 683 2896 sit
705 2837 814 2918 Corpus
838 2835 979 2918 quidquid
999 2849 1056 2909 est,
1070 2838 1151 2916 juxta

83 2943 189 3004 Stoicos
201 2970 218 2998 s
233 2945 304 3004 suhi
315 2965 365 3006 eos
378 2944 486 3004 scilicet
499 2941 642 3004 refutavit·
658 2941 717 3006 Sed
729 2955 760 3002 et
771 2942 962 3004 Tertullianus
976 2956 1083 3018 noster,
1097 2943 1151 3004 hoc

84 3049 196 3111 illomm
209 3049 341 3132 dogmate
354 3050 490 3122 imbutus,
504 3048 653 3122 Animam,
668 3049 811 3131 Angelos,
822 3047 918 3109 Deum
932 3070 1050 3131 corpora
1061 3048 1128 3110 iacit
1140 3075 1157 3109 :-

84 3169 112 3216 ει
122 3157 191 3219 alibi
205 3158 339 3217 rmiverse
352 3156 450 3216 scribit
462 3154 519 3238 (De
530 3155 622 3216 Carne
633 3153 771 3238 Christi),
783 3183 797 3209 ιι
810 3155 903 3216 Omna
914 3155 992 3237 quod
1006 3168 1064 3230 cst,
1078 3158 1150 3217 Con

82 3287 133 3346 pus
153 3277 199 3325 est
219 3265 264 3323 sui
279 3264 393 3347 generis
410 3287 418 3322 =
443 3260 514 3322 nihil
530 3275 572 3322 est
592 3258 793 3344 incorporale,
809 3264 864 3322 nisi
881 3263 1034 3345 quod'non
1058 3276 1111 3324 est.
1134 3291 1147 3318 a

81 3369 142 3445 Quo
157 3368 247 3431 seusu
261 3368 436 3452 Augustinus
451 3390 517 3428 eum
540 3380 656 3428 excusat
679 3367 715 3428 de
732 3367 794 3429 Deo
809 3379 837 3428 ει
850 3369 967 3452 Angelis
981 3373 1124 3452 corporeis
1139 3394 1148 3428 a

79 3471 145 3559 'quia
161 3505 176 3532 a
188 3477 328 3551 timebat,
344 3477 438 3558 inquit
450 3473 517 3558 (De
528 3473 634 3535 Genesi
648 3474 686 3534 ad
697 3475 741 3535 lit.
760 3497 786 3534 c.
804 3476 856 3535 ult.
865 3473 895 3559 ),
907 3497 945 3535 ne
956 3477 1027 3536 nihil
1037 3488 1147 3550 essent,

79 3585 102 3643 si
114 3585 242 3666 Corpora
253 3606 311 3643 non
323 3595 427 3643 esseut.
444 3609 458 3636 a
471 3581 573 3665 Neque
585 3579 743 3642 Stoicorum
753 3605 827 3642 nova
838 3582 897 3644 haec
907 3585 1044 3665 opinatio.
1062 3585 1150 3644 Prisci

79 3690 198 3772 quidam
212 3675 444 3772 philosophorum
459 3664 597 3773 (Platone
610 3701 682 3750 teste
697 3691 728 3750 in
743 3689 1023 3774 Sophisto)'aiebant·
1033 3715 1047 3744 a
1061 3689 1151 3750 dasti-

79 3800 164 3874 tiam,
180 3796 383 3871 Pmdcntiam‚
407 3797 531 3878 itemque
550 3794 710 3871 contraria,
729 3809 779 3856 aut
793 3797 866 3858 nulril
881 3817 978 3856 eorum
999 3817 1063 3879 qua
1081 3809 1149 3857 sunt

79 3928 157 3981 esse,
174 3915 226 3964 aut
240 3925 359 3985 corpora
373 3924 445 3964 esse.
467 3931 480 3957 υ
498 3903 570 3963 Tam
583 3903 641 3963 lata
660 3905 748 3987 igitur
762 3904 819 3964 hac'
835 3905 1055 3986 significatione,
1076 3893 1147 3985 quid

78 4013 182 4072 mirere
198 4009 274 4069 dicta
289 4031 305 4069 a
320 4009 402 4070 nobis
416 4011 512 4070 omnia
527 4007 751 4091 comprehendi?
766 4011 841 4070 Auo.
858 4009 935 4069 Cedo
950 4010 1084 4091 equidem
1095 4053 1104 4083 ,
1117 4021 1147 4068 et
1254 4093 1257 4100 ι

78 4117 176 4179 dono:
194 4117 246 4178 sed
261 4117 339 4200 quod
353 4119 438 4197 injeci
454 4115 558 4199 ecquid
571 4117 675 4177 solvis?
685 4117 743 4177 Ubi
759 4118 835 4176 enirn
852 4118 1033 4198 incorporea,
1050 4116 1104 4174 itisi
1118 4115 1147 4173 in

78 4225 229 4306 imagine?
253 4223 331 4286 hes.
356 4225 420 4285 Non
436 4223 489 4285 hoc
505 4245 607 4295 cense;
624 4235 689 4284 sunt
707 4225 800 4305 reipsa
816 4223 962 4305 quadam
979 4233 1007 4284 et
1022 4207 1150 4304 reperi&
