2950 4934
223 466 470 537 PHYSIOL.
496 466 745 539 STOICOR.
772 470 868 539 LIB.
894 469 971 538 Ill.
1067 474 1134 544 653

72 610 123 671 Est
143 608 316 671 Socraticum
341 634 385 669 a«
404 608 508 671 Mundi
527 611 672 686 animem,
694 610 805 673 fontem
829 614 989 673 animarum
1010 615 1139 675 omnium

71 739 141 777 esse.
156 743 170 770 n
184 715 294 799 (Apul.
310 716 357 777 De
370 717 474 799 Dogm.
492 712 588 799 Plat.)
601 716 659 779 Sed
672 716 771 793 illam,
786 740 849 799 que
864 712 986 780 Ratione
999 730 1139 794 uteretur,

70 836 216 906 cognatam
233 836 263 897 et
281 824 474 905 participem,
495 825 583 885 immo
602 824 662 903 jam
674 836 787 905 portem
808 824 964 887 divinitatis
979 844 1052 889 esse.
1070 818 1141 889 Plu-

70 930 179 991 tarobna
192 928 321 1013 (chacst.
338 929 500 1012 Plutonia.)
510 953 519 991 ι
533 956 547 985 ι
561 931 666 991 nima
679 931 826 992 mentis‘et
835 932 1059 995 ratiocinationis
1070 956 1143 995 oon-⁶

69 1058 148 1112 sors,
165 1058 224 1102 non
245 1058 318 1119 opos
339 1036 432 1099 solum
448 1036 714 1120 Ilei,sedetpars
734 1050 799 1110 est3
822 1059 917 1122 neque
937 1042 1141 1123 abipso,sed
1193 1122 1196 1129 .

69 1166 107 1205 ex
121 1145 182 1224 ipso
195 1156 239 1205 est
252 1142 337 1203 iacta.
355 1168 370 1197 ι
384 1142 540 1206 Enimvero
555 1145 641 1208 etiam
653 1145 716 1205 aliar
725 1144 798 1229 (bac
812 1146 944 1230 ratione)
956 1160 1052 1229 partes
1062 1147 1139 1223 Dei,

68 1250 101 1309 id
114 1263 155 1311 est
164 1294 174 1324 ,
184 1250 340 1311 Mandane
353 1250 455 1311 animae
470 1273 479 1309 ι
494 1250 547 1314 sed
559 1252 612 1315 ins
626 1252 735 1315 scilicet
746 1252 873 1329 eximie,
888 1266 918 1315 et
932 1275 995 1335 que
1009 1256 1141 1337 proxime

69 1357 127 1418 vim
141 1368 331 1437 naturamque
353 1356 417 1435 ejus
435 1355 566 1417 referret.
592 1351 667 1419 dno.
689 1357 840 1421 Abhorret)
857 1358 958 1421 audire
978 1360 1037 1421 bec
1058 1362 1137 1421 talia.

69 1464 145 1524 Ante
157 1462 247 1523 didici
260 1462 356 1523 Deum
370 1462 548 1525 conditerem
561 1461 711 1525 bominum
725 1486 809 1539 esse,
826 1466 944 1527 Animas
962 1466 1099 1529 advenire
1113 1480 1142 1529 et

68 1570 226 1643 insinuari,
253 1568 342 1650 idque
365 1570 428 1648 ejus
443 1590 540 1649 opera
556 1592 565 1627 ι
580 1592 658 1631 nunc
678 1582 834 1653 cognatos,
858 1584 954 1653 portes
970 1615 979 1645 ,
997 1585 1026 1633 et
1046 1573 1140 1633 Deum

67 1678 163 1757 ipsum
173 1696 237 1734 esse
248 1675 261 1736 i
272 1676 378 1735 iterum
392 1674 542 1737 abhorreo.
559 1674 637 1736 bras.
650 1674 791 1751 Gaudeo,
805 1688 835 1737 et
847 1678 1076 1761 magnitudinem
1086 1680 1142 1739 Dei

67 1782 119 1863 qui
133 1781 204 1841 libet
222 1792 353 1855 mutum,
374 1792 403 1840 et
419 1794 548 1841 uosuum
564 1781 640 1843 istud
660 1783 835 1843 imbecillum
858 1796 887 1845 et
905 1796 1012 1856 tenoe3
1037 1785 1143 1846 ridebit

67 1887 196 1968 proiecto
211 1900 241 1948 et
256 1887 420 1949 exsibilabit
435 1908 484 1949 eos
495 1906 593 1949 voces.
608 1888 718 1949 Tamen
732 1910 836 1972 corpus
852 1888 907 1950 boc
922 1902 1014 1951 totum
1036 1888 1141 1953 Mundi

67 1995 279 2055 communicare
291 1995 333 2056 ito
348 1995 473 2075 antiquis
487 1996 615 2077 placuit,
631 2006 661 2055 et
673 2017 729 2055 nos
739 1997 819 2057 velut
832 1996 961 2057 membra
972 1999 1033 2077 ejus
1047 1996 1143 2059 iacere

67 2124 101 2161 ac
116 2114 221 2182 partes.
235 2101 345 2163 Seneca
360 2099 477 2184 (Epist.
498 2100 578 2182 xum)
593 2124 602 2161 ι
620 2128 635 2157 ι
650 2097 755 2163 Totum
769 2102 823 2163 boc
838 2126 896 2187 quo
911 2106 1101 2180 continemur,
1115 2118 1145 2166 ct

68 2230 159 2268 onum
180 2220 238 2285 eet,
255 2220 283 2269 et
303 2209 463 2282 Deus-est,
480 2221 510 2269 et
523 2209 594 2269 socii
614 2208 677 2287 ejus
692 2228 810 2282 mmus,
836 2220 864 2269 ct
882 2211 1020 2271 membra.
1042 2236 1057 2265 ιι
1082 2212 1142 2273 Nec

66 2315 155 2375 Stoici
168 2314 227 2380 hac
241 2328 371 2391 tantum,
394 2328 444 2375 aut
458 2315 597 2376 Platonici
616 2337 624 2373 ι
644 2336 711 2375 ecce
725 2304 927 2399 Trismegistus
945 2314 1029 2399 (cop.
1057 2316 1111 2400 ιο)
1133 2344 1142 2380 a

68 2452 82 2475 «
97 2425 145 2484 Ab
158 2446 217 2485 una
231 2424 366 2485 Universi
379 2425 483 2485 Anima
497 2438 597 2485 omnes
611 2424 721 2484 Anime
737 2424 864 2487 existunt
880 2436 909 2485 et
924 2436 1105 2507 promanant.
1126 2450 1142 2481 n
1234 2428 1240 2437 '

67 2532 115 2589 Ab
129 2531 192 2612 ipso
205 2574 214 2604 ,
226 2532 344 2612 iuquam
357 2572 366 2605 ,
381 2530 436 2590 Dei
448 2531 571 2591 essentia
588 2552 597 2589 ι
614 2540 643 2589 et
656 2530 733 2590 clare
747 2528 826 2591 idem
841 2530 924 2613 (cap.
946 2524 1002 2614 ra)
1016 2556 1025 2592 ι
1041 2560 1055 2587 ι
1068 2533 1147 2593 Ani-

65 2658 154 2711 mus,
173 2637 235 2697 sire
256 2636 362 2711 Mena,
379 2658 438 2697 noa
450 2634 625 2718 estquidam
639 2636 781 2699 abscissus
802 2635 839 2697 ob
854 2640 975 2699 essentia
997 2640 1070 2716 Dei,
1093 2638 1155 2713 sed

65 2745 151 2824 quasi
163 2743 283 2804 diffissus
298 2755 328 2803 et
342 2756 476 2805 extensum
488 2744 572 2805 sicuti
584 2742 658 2805 Solis
670 2742 815 2825 splendor.
831 2771 845 2799 ι
857 2744 948 2819 Vult,
963 2746 1038 2805 sieut
1047 2746 1146 2806 lumen

62 2874 79 2911 a
95 2851 165 2913 Sole
175 2850 356 2926 diffunditur,
372 2852 433 2911 sire
444 2850 517 2911 Solis
530 2851 731 2915 imminutione
746 2864 796 2913 aut
810 2872 902 2923 noxa3
918 2854 960 2913 aie
974 2854 1092 2914 Animas
1106 2854 1144 2914 ab

65 2958 117 3018 illa
131 2978 258 3039 mogon,
274 2958 383 3038 absque
398 2952 460 3036 ejus
474 2957 695 3020 intertrimento.
714 2956 843 3019 Diffundi
857 2971 972 3035 autem,
988 2972 1022 3019 ut
1038 2978 1147 3019 rason-

64 3064 129 3123 lum
145 3064 285 3145 cujusque
298 3085 390 3145 capax
406 3076 436 3123 et
451 3062 653 3125 admissionale
673 3076 727 3125 est.
746 3065 790 3125 Ita
807 3064 890 3125 Philo
907 3064 1022 3126 Judrcus
1044 3064 1147 3148 (Quod

63 3170 163 3229 deter.
179 3170 284 3250 potiori
299 3167 430 3251 insid.)=
447 3196 461 3223 ι
479 3169 609 3232 Mentem
634 3169 790 3231 bumanam
810 3168 872 3233 es'se
890 3171 993 3233 divine
1015 3185 1044 3233 et
1057 3174 1147 3233 heare

63 3276 181 3335 Animae
197 3275 367 3355 particulam
378 3318 387 3349 ,
400 3275 452 3335 sed
467 3274 683 3335 indivisibilem.
699 3303 714 3329 ιι
731 3276 771 3337 Εῑ
782 3276 862 3339 addit
878 3300 886 3337 ι
901 3304 915 3331 a
929 3278 993 3339 Non
1006 3281 1082 3340 enim
1094 3302 1146 3341 re-

62 3402 137 3441 vera
154 3380 297 3462 quidquid
316 3379 447 3440 divinum
468 3393 533 3455 est,
554 3380 704 3456 scinditur,
726 3380 778 3441 sed
801 3382 950 3445 dumtaxat
965 3384 1147 3465 protenditur

62 3510 101 3547 ac
118 3486 265 3547 dilatatur.
285 3512 300 3539 ι
315 3484 386 3545 Haec
401 3487 441 3545 ita
454 3487 596 3547 sententia
609 3498 760 3563 veterum,
780 3500 810 3549 et
823 3488 911 3549 verbo
928 3487 1047 3553 tonans
1060 3513 1146 3573 supra

60 3593 242 3655 sententiam
266 3594 340 3653 elato
362 3614 395 3652 ac
415 3592 541 3673 superba
555 3616 565 3652 ι
580 3593 652 3675 quid
672 3606 769 3654 tamen
790 3595 855 3655 est?
876 3595 963 3657 Adeo·
978 3596 1075 3659 divina
1100 3620 1147 3659 res

60 3702 178 3761 Anima
204 3712 233 3760 et
257 3700 445 3781 prestabilis,
472 3712 506 3759 ut
529 3701 615 3761 etiam
647 3701 678 3759 in
701 3700 862 3769 Christiana
882 3702 947 3765 luce
971 3726 1004 3763 ac
1028 3706 1149 3765 veritate
1280 3730 1285 3740 ·

59 3808 199 3881 suerint,
215 3808 266 3889 qui
285 3809 327 3867 sic
343 3829 406 3867 eam
425 3806 623 3881 bonestoriot,
651 3829 688 3869 ao
711 3807 949 3873 dehonestarint?
973 3809 1146 3885 Manichaei,

61 3913 292 3975 priscillianista
304 3958 313 3990 ,
327 3914 504 3989 Marcionitae
514 3958 523 3987 ,
535 3926 622 3995 atque
631 3913 662 3974 id
675 3934 767 3996 genus
780 3936 933 3991 erronum,
952 3942 966 3969 u
980 3916 1017 3979 de
1030 3918 1147 3999 propria

60 4020 126 4083 Dei
143 4021 303 4081 substantia
316 4022 450 4081 Animam
465 4021 635 4081 formabant.
652 4042 667 4074 ι
684 4020 808 4095 Quidam
819 4022 1027 4083 Tertullianum
1042 4044 1077 4085 co
1086 4036 1149 4085 tru-

59 4126 164 4200 hunt,
178 4128 246 4209 quia
260 4129 425 4208 scripserit,
437 4129 467 4188 in
483 4127 556 4187 illud
567 4126 650 4187 Luca
662 4125 726 4209 (fv
741 4128 861 4189 Advers.
876 4129 968 4191 Marc.
984 4152 1048 4212 cop.
1065 4129 1123 4214 37)
1135 4155 1145 4191 ι

61 4233 194 4296 Reddite
213 4254 276 4317 pua
299 4246 365 4297 sunt
382 4232 441 4295 Dei
453 4233 525 4295 Deo.
546 4232 734 4297 «Hominem
756 4236 844 4318 igitur
869 4237 951 4299 reddi
966 4238 1047 4317 jubet
1060 4261 1148 4301 crea-
