2950 4934
288 473 356 561 4⁵0
683 467 970 536 exounrrt
1014 507 1017 514 ·

288 599 475 674 verisimile
492 599 605 666 statim
624 617 744 667 verum
770 614 839 684 est,
867 599 955 666 sicut
981 612 1016 666 et
1040 602 1162 694 saepius
1181 603 1273 696 quod
1293 608 1368 699 pri-

290 743 382 788 mum
392 713 595 784 incredibile
604 713 753 797 videtur,
771 736 838 783 non
849 716 1010 784 continuo
1025 715 1145 786 falsum
1155 735 1220 787 est.
1235 719 1371 789 Crebro

289 837 318 905 si
336 833 475 927 quidem
493 829 613 900 faciem
629 829 797 900 mendacii
814 831 939 900 veritas
960 833 1098 903 retinet.
1115 835 1246 906 Crebro
1265 862 1371 906 men-

290 952 424 1022 dacium
445 951 558 1044 specie
577 949 730 1018 veritatis
748 947 929 1018 occulitur.
961 951 1047 1020 Nam
1069 953 1156 1022 sicut
1179 943 1369 1048 aliquando

290 1069 421 1138 tristem
447 1067 594 1135 frontem
617 1067 766 1149 amicus,
790 1081 824 1133 et
843 1065 1003 1136 blandam
1019 1067 1175 1139 adulator
1192 1069 1367 1152 ostendit,

290 1184 340 1251 sic
351 1178 651 1251 verisimilitudine
665 1178 836 1250 coloratur
849 1182 985 1261 veritos,
1002 1199 1036 1252 et
1045 1199 1084 1251 ut
1096 1184 1190 1252 fallat
1198 1233 1210 1270 ,
1226 1184 1282 1252 vel
1295 1208 1373 1252 sur-

290 1314 409 1394 repat,
430 1299 613 1368 coloratur.
634 1298 670 1366 si
687 1297 839 1391 prudens
852 1323 925 1369 esse
939 1302 1054 1394 cupis,
1070 1303 1108 1370 iu
1121 1301 1274 1370 futurum
1287 1325 1371 1394 pro-

290 1433 444 1511 spectum
460 1414 623 1500 intende,
646 1429 682 1482 et
706 1438 782 1507 quae
801 1433 941 1509 possunt
961 1420 1160 1512 contingere
1176 1421 1291 1486 auimo
1310 1434 1372 1486 tuo

291 1548 414 1603 cuncta
432 1555 598 1627 propone.
618 1529 715 1600 Nihil
738 1531 801 1600 tibi
822 1533 970 1602 subitum
994 1537 1058 1617 sit,
1085 1533 1146 1605 sed
1164 1552 1271 1604 totum
1288 1554 1373 1604 ante

291 1651 495 1744 conspicies.
520 1649 605 1718 Nam
625 1649 685 1742 qui
704 1645 856 1742 prudens
875 1665 1013 1719 estnon
1032 1648 1139 1734 dicit,
1162 1675 1230 1720 non
1249 1653 1371 1745 putari

292 1763 433 1856 quidem
445 1763 512 1832 hoc
526 1761 622 1846 lieri,
644 1761 808 1854 quianon
828 1760 983 1848 dubitat,
1004 1763 1065 1832 sed
1085 1777 1257 1860 exspectat
1276 1791 1284 1831 ε
1303 1788 1373 1832 nec

292 1883 498 1976 suspicatur,
512 1880 573 1949 sed
582 1895 692 1948 cavet.
706 1876 959 1972 Cujuscumque
973 1879 1052 1949 lacti
1066 1905 1201 1950 causam
1215 1882 1374 1974 require;

291 2023 396 2092 quum
407 1999 507 2066 initia
519 1997 705 2078 inveneris,
719 1995 827 2063 exitus
841 1997 1019 2090 cogitabis.
1032 1999 1126 2067 Scito
1138 2015 1171 2067 te
1184 1995 1221 2066 in
1229 1997 1375 2091 quibus-

293 2114 372 2184 dum
396 2112 524 2182 debere
548 2133 791 2206 perseverare,
822 2113 903 2203 quia
928 2113 1081 2206 coepisti,
1108 2112 1262 2206 quaedam
1285 2139 1375 2182 vero

293 2252 359 2298 nec
371 2228 546 2321 incipere,
555 2210 601 2293 ¹in
613 2224 739 2318 quibus
752 2243 973 2318 perseverare
987 2227 1031 2295 sit
1044 2228 1195 2297 noxium.
1212 2227 1376 2296 Prudens

294 2341 414 2412 fallere
430 2365 500 2409 uon
516 2338 611 2427 vult,
632 2339 704 2408 lolli
721 2361 791 2408 non
808 2355 932 2433 potest.
954 2341 1039 2408 Boni
1057 2356 1110 2409 est
1126 2341 1194 2410 viri
1212 2343 1314 2410 etiem
1334 2345 1376 2411 in

295 2474 404 2529 morte
421 2458 594 2527 neminem
611 2455 741 2524 fallere.
761 2457 950 2549 Opiniones
967 2473 1033 2524 tute
1047 2453 1180 2548 judicia
1197 2458 1276 2526 sint.
1294 2460 1377 2527 Co·

295 2575 476 2670 gitationes
488 2595 611 2666 vagas,
629 2589 666 2641 et
681 2571 836 2656 inutiles,
853 2588 888 2641 et
902 2572 996 2642 velut
1013 2573 1143 2642 somnio
1158 2573 1283 2642 similes
1296 2597 1376 2644 non

293 2693 461 2786 recipies,
479 2690 606 2783 quibus
630 2691 660 2758 si
681 2691 816 2758 animus
839 2707 917 2758 tuus
938 2713 974 2760 se
994 2689 1238 2776 oblectaverit,
1259 2717 1376 2784 quum

295 2809 408 2880 omnia
424 2806 657 2900 disposueris,
685 2807 792 2874 tristis
810 2805 1004 2878 remanebis
1026 2833 1034 2874 :
1055 2808 1116 2877 sed
1134 2809 1292 2902 cogitatio
1310 2827 1378 2881 tua

296 2923 426 2995 stabilis
451 2939 487 2992 et
512 2938 607 2992 certa
630 2924 694 3006 sit,
724 2923 796 2992 sive
821 2921 1010 3007 deliberet,
1032 2925 1103 2992 sire
1126 2942 1275 3018 querat,
1295 2929 1379 2998 sive

296 3039 559 3135 contempletur,
581 3062 652 3107 non
670 3037 810 3107 recedat
827 3063 847 3106 a
866 3063 961 3110 vero.
988 3041 1106 3110 Sermo
1131 3064 1265 3135 quoque
1288 3057 1380 3113 tuus
1469 3023 1470 3032 ἵ

295 3155 425 3226 nonsit
442 3155 571 3237 inanis,
590 3153 651 3224 sed
665 3169 724 3222 aut
739 3151 902 3238 suadeat,
923 3170 983 3224 aut
1000 3171 1153 3239 moneat,
1174 3173 1232 3225 aut
1248 3179 1383 3227 conso-

295 3268 397 3353 letur,
413 3285 471 3338 aut
482 3270 670 3364 precipiat.
687 3269 805 3338 Lauda
815 3294 937 3364 parce,
952 3272 1107 3365 vitupero
1122 3274 1269 3366 parcius.
1282 3276 1381 3343 Nam
1468 3343 1469 3351 ,

296 3385 452 3454 similiter
469 3383 750 3477 reprehensibilis
766 3400 818 3454 est
836 3385 942 3456 nimio
957 3385 1126 3470 laudatio,
1148 3404 1187 3456 ut
1200 3388 1381 3458 immode-

296 3517 369 3571 rate
380 3501 599 3592 vituperatio.
615 3499 678 3568 Illa
690 3501 719 3568 si
734 3497 873 3592 quidem
886 3499 1103 3586 adulatione,
1122 3503 1187 3571 ista
1204 3502 1382 3597 maligni-

296 3635 363 3688 tate
392 3633 547 3712 suspecta
571 3631 644 3700 est,
671 3617 899 3688 testimouium
926 3619 1084 3699 veritati,
1114 3641 1183 3687 non
1208 3619 1381 3691 amicitiae
1467 3653 1468 3657 ¹

297 3733 435 3804 reddes.
450 3736 536 3804 Cum
555 3731 828 3802 consideratione
845 3735 1023 3825 promitte,
1044 3733 1181 3827 plenius
1195 3757 1269 3827 qoae
1287 3759 1386 3828 pro-

296 3853 430 3922 miseris
446 3867 580 3944 praesta.
601 3849 638 3920 si
657 3849 809 3944 prudens
825 3865 877 3918 est
893 3851 1026 3920 animus
1044 3867 1140 3938 tuus,
1160 3851 1270 3921 tribus
1287 3867 1384 3924 tem-

296 3967 438 4061 poribus
455 3967 685 4061 dispensetur.
702 3967 886 4036 Pmsentia
903 3966 1044 4051 ordina,
1065 3969 1179 4036 lutura
1197 3969 1382 4063 previde,

298 4085 472 4174 praeterita
487 4083 681 4154 recordare.
702 4084 868 4175 Numqui
888 4082 940 4150 nil
964 4082 1008 4152 de
1026 4085 1202 4178 preterito
1219 4087 1382 4179 cogitet,
1465 4103 1466 4138 t

296 4197 411 4290 perdit
425 4199 546 4284 vitam,
566 4201 626 4294 qui
643 4199 694 4269 nil
714 4197 758 4269 de
776 4199 890 4268 lutnro
907 4201 1164 4294 praemeditetur
1173 4252 1184 4289 ,
1203 4204 1240 4270 in
1260 4206 1385 4271 omnin
