2950 4934
269 497 336 593 ³94
522 479 527 488 ’
629 491 974 568 FRAGMENTA

269 629 337 708 tis,
357 647 465 718 quum
479 624 552 717 jam
566 623 735 694 bellorum
752 626 896 694 materia
913 623 1100 710 deficeret,
1120 623 1254 695 viribus
1274 629 1345 697 suis

269 742 357 811 male
374 757 549 825 uteretur,
572 740 698 834 quibus
716 764 754 810 se
770 741 845 834 ipsa
861 742 1019 812 confecit.
1044 744 1126 811 Haec
1149 741 1214 811 fait
1233 743 1344 837 prima

269 857 344 950 ejus
357 871 531 942 senectus,
555 879 661 953 quum
679 854 780 925 bellis
799 855 947 925 lacerata
961 856 1141 943 civilibus,
1161 873 1265 952 atque
1287 859 1344 927 in-

269 975 393 1044 testino
407 973 496 1043 mslo
512 997 654 1068 pressa,
672 997 792 1042 rursus
804 972 850 1042 ad
866 976 1021 1069 regimen
1038 975 1222 1070 singularis
1236 977 1345 1070 impe-

270 1092 314 1160 rii
327 1089 469 1172 recidit,
490 1091 588 1182 qussi
606 1087 651 1159 ad
668 1088 812 1159 alteram
829 1090 1006 1161 infantiam
1022 1092 1189 1161 revoluta.
1212 1089 1345 1162 Amissa

266 1207 358 1275 enim
374 1205 552 1290 libertate,
572 1229 674 1299 quam
688 1209 794 1275 Bruto
810 1205 897 1275 duce
910 1220 947 1275 et
957 1221 1097 1278 auctore
1111 1205 1312 1276 defenderat
1330 1257 1341 1289 ,

269 1324 317 1392 ita
334 1325 535 1407 consenuit,
557 1337 719 1416 tauquam
744 1338 932 1392 sustentare
954 1347 992 1394 se
1010 1326 1085 1418 ipsa
1101 1347 1171 1394 non
1187 1323 1343 1406 valeret,

269 1439 337 1507 nisi
353 1437 561 1509 adminiculo
576 1440 770 1534 regentium
786 1441 968 1512 niteretur.
993 1467 1010 1506 u

375 1633 393 1700 Ἰ
419 1631 451 1686 Β.
463 1632 654 1689 thoms
664 1633 784 1688 adversus
795 1631 996 1704 lemmatum,
1009 1633 1076 1688 libro
1086 1633 1180 1709 primo.

322 1778 384 1848 30.
412 1776 556 1857 Claudia
586 1781 686 1874 virgo
710 1781 884 1865 Vestalis,
912 1804 1018 1874 quum
1052 1782 1090 1850 in
1118 1779 1348 1874 suspicionem

271 1896 420 1967 venisset
435 1897 563 1991 stupri,
584 1912 621 1966 et
638 1897 857 1966 simulacrum
874 1897 991 1966 matris
1007 1894 1107 1966 Idem
1121 1896 1160 1964 in
1183 1892 1270 1964 vado
1286 1895 1350 1962 Ti-

270 2012 365 2082 beris
375 2012 543 2097 haereret,
559 2011 605 2081 ad
615 2011 900 2110 comprobandam
913 2013 1115 2108 pudicitiam
1129 2035 1224 2080 snam
1239 2010 1351 2079 fertur

272 2128 411 2222 cingulo
430 2126 566 2200 duxisse
580 2155 722 2217 navem,
740 2156 843 2225 quam
856 2131 961 2201 multa
975 2131 1082 2200 millia
1095 2129 1274 2198 hominum
1284 2143 1351 2197 tra·

270 2242 356 2311 lrere
370 2247 609 2338 nequiverant.
634 2249 792 2318 «Melius
806 2263 937 2335 tamen,
957 2248 1071 2340 inquit
1087 2245 1218 2314 Lucani
1240 2259 1351 2338 poetae

273 2375 436 2454 patruus,
455 2385 533 2430 cum
558 2362 619 2432 illa
635 2380 724 2433 esset
742 2381 873 2448 actum,
896 2364 923 2433 si
943 2364 1011 2433 hoc
1026 2360 1119 2457 quod
1144 2361 1278 2444 evenit,
1294 2383 1353 2428 or-

270 2494 471 2546 namentum
484 2479 599 2571 potius
616 2480 799 2575 explomtoe
813 2479 933 2552 fuisset
949 2477 1125 2574 pudicitiae
1139 2527 1149 2562 ,
1165 2497 1271 2570 quam
1282 2474 1352 2543 du-

272 2592 338 2663 bias
351 2595 592 2689 patrocinium.
618 2620 636 2659 s

713 2731 817 2788 Eodem
828 2733 903 2794 libro.

325 2875 386 2946 31.
406 2877 627 2972 Scripserunt
639 2877 860 2963 Aristoteles,
881 2894 916 2946 et
931 2875 1155 2960 Plutarchus,
1177 2892 1215 2946 et
1232 2894 1352 2948 noster

274 2991 403 3062 Seneca
413 2989 457 3061 de
468 2993 684 3061 matrimonio
695 2990 821 3076 libros,
838 3016 878 3062 cx
891 2991 1015 3085 quibus
1028 3006 1064 3060 ct
1077 2990 1255 3085 superiora
1268 3015 1355 3060 non-

275 3108 371 3179 nulla
383 3125 474 3193 sunt,
487 3125 521 3180 et
534 3111 599 3178 ista
613 3133 690 3202 qum
703 3108 917 3202 subjicimus.
935 3109 1079 3195 «Amor,
1090 3106 1208 3176 formae
1223 3107 1360 3184 oblivio,

273 3238 345 3309 est,
362 3238 398 3291 ct
414 3223 556 3292 insaniae
568 3222 742 3317 proximus
751 3271 762 3308 ,
780 3220 906 3292 foedum
922 3221 1131 3314 minimeque
1144 3222 1356 3291 conveniens
1470 3217 1471 3220 '

275 3339 390 3407 animo
405 3341 522 3433 sospiti
536 3340 679 3424 vitium,
699 3339 816 3432 turbat
835 3339 993 3425 consilia,
1013 3337 1099 3410 altos
1116 3351 1151 3406 et
1168 3360 1364 3432 generosos.

274 3455 415 3548 spiritus
433 3454 581 3550 frangit,
604 3481 625 3525 a
643 3456 775 3551 magnis
792 3455 1053 3550 cogitationibus
1076 3452 1121 3523 ad
1142 3453 1367 3526 humillimas
1469 3533 1470 3550 χ

277 3570 428 3640 detrahit
449 3572 655 3664 tquerulos‚
676 3573 879 3658 iracundos,
898 3573 1113 3658 temerarios,
1135 3569 1223 3639 dure
1240 3571 1357 3664 impe·
1469 3563 1470 3570 ἵ

277 3689 403 3773 riosos,
422 3689 594 3759 serviliter
611 3688 776 3775 blandos,
799 3690 958 3760 omnibus
977 3685 1115 3758 inutiles
1130 3738 1140 3773 ,
1156 3689 1224 3782 ipsi
1239 3689 1359 3756 novis-

278 3804 361 3872 sime
376 3807 506 3891 amori,
523 3806 615 3876 facit.
633 3809 720 3877 Nam
738 3831 843 3901 quum
858 3805 994 3878 fruendi
1012 3803 1198 3900 cupiditate
1219 3804 1361 3874 insatia-
1468 3795 1469 3851 l

277 4026 454 4080 terminantur.
466 4026 572 4092 Confer,
580 4045 709 4098 agnosces.
717 4026 789 4100 Ergo
837 3985 975 4099 lipatrs,
996 4023 1041 4116 spi
1063 4021 1254 4078 crediderimus.
1275 4021 1364 4094 Cujus

278 4105 379 4170 verim,
398 4101 476 4177 ipsius
487 4105 590 4158 Seneca
607 4104 728 4178 scriptum
739 4103 789 4157 lroc
838 4103 967 4178 opinionis
981 4116 1093 4156 rattonss
1102 4099 1164 4155 vide
1179 4101 1264 4164 infra,
1281 4099 1364 4154 Nova

275 4183 369 4248 fuisse3
388 4194 412 4236 et
424 4181 531 4253 Florum
550 4181 677 4236 imitando
700 4183 791 4236 decer-
838 4181 942 4258 Fragru.
955 4203 980 4256 p.
999 4181 1062 4248 fra.
1080 4191 1135 4234 not.
1154 4201 1175 4233 ι.
1191 4181 1234 4234 Dc
1245 4191 1364 4250 utroque

277 4260 365 4335 pete.
379 4259 551 4332 nse-us·
564 4260 596 4315 a.
613 4261 652 4316 m.
674 4259 790 4330 sensu,
841 4257 1365 4331 saturnineaunttaffin.
