2950 4934
356 458 422 526 560
722 453 872 524 JUSTl
895 455 1058 526 LlPSII

354 602 385 660 in
400 600 462 659 Deo
475 597 553 657 enirn
567 617 664 656 rernm
678 597 808 658 omnium
825 599 1052 680 exemplarent
1073 598 1110 658 als
1123 611 1238 665 eterno
1261 599 1417 660 loannisl:
1455 679 1456 682 Ἴ

353 706 438 781 Quod
462 705 567 764 factum
591 717 656 778 cst,
673 705 705 764 in
728 707 792 785 ipso
815 707 874 765 rita
900 718 970 768 erat.
987 733 1002 760 a
1020 706 1122 788 Neque
1145 729 1215 766 sane
1234 708 1418 768 Tertullianus
1455 715 1456 790 ζ

353 808 657 892 damnat(oap.18),
681 811 734 870 etsi
753 811 846 871 rideri
865 813 970 892 possit,
994 813 1039 872 De
1062 813 1166 883 Anima
1181 837 1191 872 ι
1206 814 1259 873 nti
1282 813 1419 874 dmuxar
1455 861 1456 880 Ξ

354 918 504 978 Gnosticos
514 930 545 977 et
553 917 770 977 Valentinianos
781 919 884 996 rejicit,
897 920 946 1000 qui
958 918 1064 980 AEorres
1073 941 1157 994 suos,
1172 931 1201 979 et
1208 921 1265 980 alia
1277 919 1391 992 deliria,
1404 941 1418 976 e

352 1024 503 1084 Platonicis
519 1023 596 1084 ldeis
616 1045 704 1105 preve
721 1023 901 1084 hauriebant.
917 1024 990 1085 Sunt
1002 1027 1090 1108 igitur
1104 1025 1202 1087 Iden:
1219 1049 1258 1086 au
1272 1039 1304 1086 et
1319 1027 1417 1086 Princi-

350 1132 449 1212 pium?
465 1132 575 1190 Platoni
594 1131 732 1211 quiderm
750 1152 842 1212 eoque
859 1131 1018 1209 Orr'girrnles
1032 1155 1122 1192 rerum
1139 1134 1246 1213 spedas
1263 1133 1416 1192 Macrobius

349 1237 397 1322 (in
417 1238 515 1299 Somn.
532 1239 569 1312 1,
592 1260 656 1318 cap.
677 1236 744 1318 ιι),
761 1237 936 1318 Pnircipuler
945 1235 1064 1318 formas
1078 1238 1252 1298 OEaudiauus
1267 1239 1416 1300 Mamertus

349 1343 423 1402 dixit
433 1341 492 1424 (De
502 1341 573 1403 Stat.
582 1339 656 1421 An.)
667 1365 675 1411 ;
685 1354 714 1400 ct
724 1343 868 1402 Ausonius
879 1341 1107 1423 Datussomrna,
1122 1343 1152 1404 id
1165 1356 1222 1419 est,
1235 1346 1325 1404 relrus
1338 1345 1415 1405 aDao

349 1452 511 1530 impressas.
526 1449 601 1508 Nara
615 1450 677 1528 ejus
691 1448 768 1508 hunc
783 1447 935 1532 Gryplrum
952 1471 1009 1510 non
1024 1451 1106 1511 aliter
1119 1452 1291 1533 interpreter
1303 1475 1314 1510 a

507 1557 541 1616 'ru
551 1566 822 1636 ιιηιιοιιιιιμιωη
836 1568 913 1628 nen,
924 1567 1046 1629 ιιιωιω,
1058 1567 1116 1620 dan
1127 1571 1224 1620 rum.

347 1675 415 1733 Tria
431 1673 555 1734 Platonis
570 1674 711 1756 principia
723 1675 822 1753 ponit,
840 1672 930 1733 Demo
944 1676 1094 1735 mnterr'um
1108 1673 1198 1756 (hanc
1213 1699 1267 1757 per
1277 1675 1414 1736 Mundum

347 1781 456 1862 signat,
475 1781 525 1860 qui
540 1799 577 1838 ex
589 1800 623 1838 ea
635 1777 697 1860 est)
709 1778 821 1838 ldenm.
834 1779 1036 1862 Trisrriegistus
1049 1782 1134 1840 etiam
1150 1781 1287 1863 amplius,
1314 1780 1415 1842 Excru-

346 1887 456 1968 plurem
470 1885 619 1959 Formam,
635 1887 715 1966 prins
730 1886 904 1967 principium
917 1887 980 1966 ipso
995 1889 1137 1969 principio
1151 1889 1338 1948 interminato
1352 1889 1414 1947 dixit

346 1991 423 2077 (cap.
445 1992 474 2075 ι)
487 2016 497 2052 a
513 1993 543 2052 id
558 2005 602 2052 est
615 1991 748 2052 Materia.
771 1991 892 2052 Ratione
907 1993 1003 2073 prins,
1019 1996 1087 2075 quia
1103 1996 1134 2054 in
1148 1995 1210 2054 Deo
1223 2006 1281 2069 est,
1299 2007 1333 2054 et
1346 2017 1415 2077 pru-

345 2102 423 2160 renit
433 2099 575 2158 facienda.
588 2097 695 2158 Seneca
706 2099 854 2178 quesitum
869 2110 964 2158 tsmen
976 2098 1032 2160 hoc
1043 2099 1167 2160 ostendit
1175 2099 1188 2182 (
1196 2101 1300 2175 Qnaest.
1316 2101 1381 2161 Nat.
1400 2101 1413 2158 l

344 2208 374 2265 in
397 2203 522 2286 Prael.)=
546 2205 677 2263 «Utrum
699 2202 769 2264 ldea
790 2203 917 2266 Matuta
937 2207 1016 2286 prius
1038 2209 1222 2288 supervenit,
1243 2229 1280 2266 au
1293 2207 1412 2266 Materia

346 2311 465 2372 idat»
481 2311 538 2372 Sed
554 2311 730 2370 Mercurium
744 2307 824 2370 illurn
837 2323 916 2370 recte
929 2311 1069 2372 decidisse
1083 2313 1262 2385 arbitramur,
1277 2325 1309 2372 et
1324 2315 1412 2373 ideam

345 2419 520 2476 antevenire.
545 2416 621 2476 Illud
641 2429 737 2475 tamen
759 2437 816 2476 non
840 2419 953 2491 omitto,
972 2420 1002 2478 in
1020 2411 1133 2478 Senecae
1149 2441 1183 2478 eo
1198 2419 1260 2478 loon
1274 2418 1410 2500 quosdam

343 2525 430 2584 libros
450 2526 574 2584 scribere
592 2548 602 2583 s
623 2551 637 2578 a
651 2525 735 2584 Ratio
755 2525 882 2584 Materia
906 2527 985 2607 prius
1010 2529 1211 2608 superveniat,
1236 2549 1273 2586 au
1292 2527 1412 2586 Materia

344 2631 457 2691 Rationi
481 2655 490 2692 r
513 2659 527 2685 a
548 2631 626 2713 quod
642 2633 762 2690 stoicum
777 2633 868 2714 magis
888 2634 942 2708 sit,
968 2646 997 2692 ct
1020 2635 1098 2715 capis
1115 2655 1151 2693 cx
1167 2647 1232 2693 ante
1247 2634 1342 2693 dictis.
1357 2633 1411 2692 Sed
1455 2713 1456 2720 ἵ

343 2737 442 2798 ldearu
459 2740 546 2821 igitur
562 2761 628 2796 cum
641 2737 749 2796 Seneca
764 2736 914 2812 admittat,
932 2751 961 2798 et
976 2751 1109 2821 agnoscat
1122 2763 1130 2797 ι
1144 2741 1267 2798 etiamne
1281 2751 1315 2797 ut
1329 2739 1413 2798 Prin-
1455 2721 1456 2726 ἵ

342 2845 472 2925 cipiunt?
491 2845 555 2903 Non
578 2843 663 2916 lacit,
679 2865 773 2923 neque
793 2842 895 2915 Stoici;
917 2866 969 2904 nec
985 2867 1053 2904 sane
1070 2855 1114 2904 est
1127 2867 1209 2926 opus.
1227 2846 1321 2904 neum
1335 2847 1411 2904 enim
1455 2867 1456 2878 ¹

341 2966 430 3034 quum
438 2964 547 3034 ponant
558 2975 567 3009 r
579 2950 649 3031 quid
661 2950 746 3010 ldeas
757 2953 874 3011 seorsim
885 2965 1047 3032 apponant,
1059 2973 1121 3033 qne
1135 2965 1202 3010 sunt
1215 2952 1244 3010 in
1253 2951 1340 3010 Deo?
1349 2951 1412 3010 lie-
1455 3029 1456 3036 ἵ

340 3080 397 3139 que
409 3059 495 3118 iidem
510 3058 595 3115 etiam
606 3055 742 3115 Fonnom
751 3058 909 3116 Aristotelis
922 3101 930 3132 ,
944 3059 1003 3118 sirc
1012 3063 1042 3119 το·
1055 3058 1120 3127 ridor
1131 3070 1281 3117 accensent
1293 3080 1303 3115 s
1316 3079 1411 3138 quan-
1455 3037 1456 3062 ¹

341 3187 426 3246 quam
448 3187 501 3224 nec
524 3185 587 3222 earn
609 3148 677 3222 sane
694 3164 804 3222 tollant.
824 3163 901 3238 Quid
916 3166 967 3238 sit,
986 3177 1015 3224 et
1030 3167 1066 3224 ab
1084 3164 1152 3226 Idea
1166 3164 1300 3238 diflerat,
1318 3186 1409 3245 opere
1455 3191 1456 3196 ¹

340 3272 450 3350 putavit
463 3269 569 3329 Seneca
584 3270 728 3350 explicare
741 3267 850 3351 (Epist.
869 3269 966 3350 rvrrr).
986 3297 999 3324 ιι
1012 3271 1089 3345 Quid
1104 3273 1215 3330 intersit
1227 3272 1348 3350 quaeris?
1361 3272 1410 3330 al-
1455 3257 1456 3270 ἵ

339 3389 432 3437 ter-um
451 3375 566 3459 (Iden)
590 3375 736 3457 exemplar
756 3387 815 3448 est,
839 3376 957 3434 alterurn
974 3375 1076 3459 (Idas)
1095 3376 1186 3436 forma
1200 3378 1237 3436 ab
1252 3377 1409 3458 exemplari
1455 3367 1456 3422 7

339 3495 461 3565 sumpta.
480 3483 605 3542 Alteram
619 3481 722 3542 artifex
734 3482 871 3555 imitatur,
888 3483 1005 3541 alteram
1016 3481 1092 3542 facit.
1107 3509 1121 3536 a
1139 3483 1224 3543 Plura
1237 3483 1333 3556 addit,
1346 3505 1408 3564 que
1455 3497 1456 3522 ¹

338 3612 396 3649 non
409 3591 529 3649 obscura
544 3601 611 3648 sunt
622 3612 630 3646 ι
643 3609 733 3669 eoque
748 3585 915 3646 omittendo.
931 3587 987 3648 Sed
997 3587 1056 3647 haec
1071 3588 1177 3662 for-nra,
1194 3611 1283 3670 quum
1293 3590 1406 3648 adrem
1455 3599 1456 3612 ¹

336 3697 562 3756 constituendam
583 3707 748 3767 concurrat,
767 3694 909 3775 faciatque
925 3697 1049 3755 maxime
1065 3719 1073 3754 r
1089 3717 1140 3755 cnr
1155 3717 1211 3754 non
1228 3695 1408 3778 Principium

336 3803 460 3864 Stoicis?
479 3803 553 3878 Quia
569 3803 675 3884 placuit
688 3803 723 3860 iis
738 3802 832 3882 prima
848 3801 988 3882 Principia
1005 3802 1094 3875 dare,
1117 3815 1146 3862 et
1165 3815 1230 3862 ante
1246 3825 1310 3883 quae
1335 3804 1406 3864 nihil

297 3950 301 3957 ,
336 3924 439 3970 esset:
461 3931 580 3991 queque
603 3909 702 3969 endem
726 3922 831 3968 aeterna
845 3909 911 3968 sint.
935 3909 972 3968 At
989 3907 1084 3968 formae
1097 3921 1194 3968 auctor
1207 3910 1285 3968 Deus
1301 3925 1360 3982 est,
1375 3924 1408 3968 et

334 4017 461 4076 nascitur
469 4016 583 4076 assidue
593 4038 626 4074 sc
638 4017 723 4097 perit.
736 4016 790 4075 Vis
801 4016 876 4074 inter
889 4015 961 4074 seria
976 4015 1077 4088 etiam,
1093 4015 1170 4096 quod
1185 4015 1298 4075 rideas?
1311 4017 1405 4076 Varro

334 4135 367 4182 ut
382 4145 443 4183 rem
458 4143 610 4204 magnam,
627 4134 659 4181 ut
672 4123 843 4203 mysticam,
864 4120 994 4202 religiose
1012 4122 1123 4202 aperit,
1141 4143 1173 4180 se
1190 4122 1243 4180 tria
1257 4121 1402 4202 Principia

335 4230 411 4311 apud
427 4229 622 4290 Samothracas
641 4231 790 4311 reperisse.
817 4255 831 4283 u
846 4229 882 4288 In
898 4249 1016 4302 eorum,
1036 4229 1129 4310 inquit
1147 4227 1244 4310 (apud
1259 4230 1403 4310 Augusti-
