2950 4934
144 573 148 579 ,
220 498 466 584 PHYSlOL.
493 498 743 568 s'rolcon.
771 493 968 565 Llss.111·.
1065 490 1132 589 677

68 650 169 709 laturos
192 668 290 707 cursus
313 644 464 705 antecedit.
482 671 496 698 a
521 643 634 703 Addam
654 641 794 724 amplius,
820 639 1027 721 Cogitationem
1044 635 1135 717 ipsam

66 756 202 815 antecedit
218 776 227 812 a
249 753 320 835 quid
337 764 432 811 autem
448 772 481 811 ea
496 750 637 811 celerius?
654 747 779 808 Pulchre
792 744 959 815 llomerus;
980 743 1017 803 de
1038 739 1137 800 Phaea-

72 863 147 921 cibus
158 884 165 919 ι

225 977 278 1025 Τόν
289 975 336 1035 νίας
349 977 425 1025 dariae
436 1009 443 1036 ,
456 974 510 1025 deri
524 972 608 1041 nupia
619 972 645 1026 i)
658 969 740 1036 ”inps
821 978 825 985 ’

227 1117 336 1178 Quonam
348 1119 406 1163 nint
415 1113 504 1163 celeres
514 1129 601 1174 mres,
613 1111 681 1160 velut
690 1110 793 1159 alituum
803 1109 857 1168 ala,

225 1205 275 1253 Aut
284 1204 365 1254 literis
375 1204 402 1253 iu
412 1202 483 1253 nobis
491 1190 584 1252 'sensus
602 1200 707 1269 (Odysa.
722 1198 767 1267 li.)

68 1341 149 1415 Quod
164 1340 339 1400 Claudianus
352 1339 456 1399 imitari
470 1338 681 1420 voluit,‚ltapt.
699 1338 780 1398 Pros.
798 1336 827 1397 ll
842 1380 850 1411 ‚
868 1355 927 1397 200
945 1358 954 1393 a

226 1487 352 1549 Quantum
360 1502 410 1535 nou
419 1484 530 1548 jecdom
540 1482 622 1533 Parthi
631 1518 640 1545 ,
649 1500 701 1533 non
711 1484 816 1551 impetam
826 1481 905 1531 susat
917 1516 925 1540 ,

229 1578 284 1626 Nou
293 1576 346 1626 lere
354 1576 463 1626 sollicita
475 1575 563 1625 llcntis
574 1573 690 1626 discurrit
700 1590 814 1624 acumen.

67 1717 198 1796 Denique
212 1717 303 1798 magis
317 1715 400 1789 dixi,
422 1726 451 1774 ct
472 1714 585 1788 dicam,
602 1714 745 1797 Tempora
767 1714 829 1796 ipsa
843 1712 995 1774 antecedit.
1015 1712 1140 1773 Praesens

66 1823 120 1881 hoc
140 1822 218 1904 quod
241 1824 271 1881 in
294 1822 377 1903 lapsu
401 1834 463 1895 est,
483 1821 656 1904 praeteritum
678 1821 757 1903 quod
772 1823 901 1903 lapsum,
921 1821 1048 1881 lunarum
1063 1819 1141 1901 quod

66 1930 188 2002 labetur,
206 1942 295 1987 totum
310 1928 382 1989 illud
395 1929 502 1989 assidui
515 1940 608 1987 motus
619 1950 722 2011 agmen
737 1930 858 1987 Animus
872 1927 1079 2008 complectitur,
1096 1939 1141 1999 et,

67 2049 100 2093 nt
116 2036 216 2095 Cicero
228 2037 268 2094 ait
281 2033 330 2117 (ll
346 2036 382 2095 de
397 2033 482 2116 Fin.)
502 2062 515 2087 a
530 2036 615 2094 simul
628 2036 715 2094 trium
729 2047 887 2115 temporum
903 2034 1044 2115 particeps
1060 2046 1112 2092 est.
1126 2058 1140 2085 a
1155 2052 1161 2063 ·

68 2142 171 2222 Itaque
195 2163 262 2200 vere
286 2141 367 2200 Philo
379 2139 476 2223 (quod
494 2141 584 2201 deter.
607 2142 710 2221 potiori
730 2139 859 2219 insid.)=
874 2167 887 2193 a
897 2138 962 2199 Sola
982 2138 1087 2212 Mens,
1111 2153 1143 2199 ut

67 2249 196 2306 omnium
210 2249 360 2321 ocissima,
378 2249 463 2307 etiam
476 2248 603 2327 Tempus
615 2248 728 2329 ipsum,
741 2268 798 2327 quo
810 2247 905 2306 omnia
920 2246 981 2306 fieri
993 2246 1143 2320 ridentur,

67 2357 214 2435 praecurrit
230 2368 259 2413 ct
273 2367 413 2435 occupat,
431 2354 538 2414 viribus
553 2355 691 2428 occultis,
716 2355 778 2414 sine
798 2354 959 2435 Tempore,
978 2356 1143 2413 rmiversurn
1167 2412 1170 2417 .

66 2461 122 2520 hoc
139 2474 168 2521 et
181 2475 276 2545 partes
294 2464 355 2541 ejus
375 2462 573 2544 pervagando,
597 2462 806 2543 pertractando.
824 2488 837 2514 o
855 2462 1057 2543 Trismegistus
1070 2460 1144 2520 hanc

66 2568 243 2627 celeritatem
258 2568 334 2626 bene
347 2568 451 2649 ingerit
467 2592 475 2626 z
494 2595 508 2619 ι
522 2565 596 2640 Die,
612 2567 706 2647 inquit
718 2565 795 2655 (caps.
817 2566 882 2649 11),
903 2569 1011 2627 Anima
1025 2580 1079 2626 tuse
1096 2568 1145 2627 illo

66 2673 167 2744 abire,
186 2685 215 2731 et
228 2673 305 2733 dicto
322 2674 406 2732 citius
426 2673 485 2732 illic
500 2674 564 2732 erit.
585 2672 709 2755 Praecipe
731 2672 879 2733 Oceanum
904 2686 1036 2745 tranare;
1052 2676 1144 2734 celer·

65 2780 143 2838 rime
158 2780 217 2838 illie
234 2781 288 2839 erit
299 2825 308 2854 ,
320 2802 379 2840 noa
396 2793 430 2840 ut
447 2781 534 2839 eloco
548 2782 578 2838 iu
594 2781 690 2839 locum
699 2780 813 2853 delata,
831 2780 1026 2861 sedtanquam
1035 2782 1094 2859 jam
1104 2782 1144 2840 ibi

64 2886 206 2944 existens.
232 2884 306 2945 Jube
320 2886 350 2944 in
364 2886 462 2945 calum
480 2886 572 2945 evolet
590 2908 599 2943 a
620 2887 672 2944 alis
688 2909 746 2946 non
767 2887 878 2969 egebit,
900 2908 995 2973 neque
1012 2888 1102 2947 ullum
1119 2889 1146 2947 ei

63 2991 266 3061 obstaculum
282 3013 341 3049 non
355 2989 427 3051 Solis
449 2990 550 3065 ardor,
569 3013 627 3051 non
644 2992 750 3065 ather,
770 3014 827 3050 non
844 2992 904 3051 carli
918 2991 1071 3065 volutatio,
1087 3015 1145 3052 non

64 3119 192 3178 corpora
213 3110 352 3157 astrorum
368 3122 376 3156 ε
392 3098 462 3178 quin
483 3098 579 3156 omnia
597 3096 756 3179 pervadens
777 3089 816 3157 ad
835 3110 991 3157 extr-emam
1010 3099 1146 3161 Naturam

63 3205 209 3286 pervolet.
223 3204 316 3263 lmmo
331 3217 359 3263 et
372 3216 451 3263 extm
466 3225 529 3263 eam
542 3203 655 3285 (siquid
668 3216 747 3263 extra
762 3201 843 3284 eam)
856 3204 959 3263 intueri
972 3204 1024 3263 tibi
1035 3205 1113 3264 lieet.
1131 3230 1144 3257 a

62 3312 146 3371 Mira
164 3324 192 3371 et
205 3314 330 3371 maxima
344 3311 403 3369 haec
417 3311 566 3369 aestimanti
578 3322 645 3368 sunt
659 3334 668 3369 a
680 3310 751 3391 quid
766 3310 880 3391 reliquae
895 3309 974 3370 dotes
989 3312 1150 3394 intelligen-

65 3420 135 3492 tiae,
163 3420 353 3491 inventionis,
373 3417 536 3477 memoriae?
558 3416 678 3499 Pelagus
693 3439 789 3476 rerum
814 3430 842 3475 et
867 3416 985 3477 laudum
1009 3442 1017 3477 ι
1040 3431 1068 3478 et
1082 3440 1149 3479 vere

63 3528 167 3607 imago
183 3548 215 3591 ac
231 3522 413 3584 simulacrum
428 3524 495 3583 Dei.
507 3523 533 3582 0
543 3522 675 3597 attende,
692 3536 721 3583 et
738 3551 751 3575 ιι
762 3525 854 3605 cogita
866 3524 896 3582 in
908 3538 937 3583 tc
947 3569 955 3599 ,
967 3538 1070 3606 praeter
1081 3526 1151 3586 Ani·

62 3652 173 3703 mum,
197 3630 269 3690 nihil
287 3652 348 3690 esse
363 3629 494 3689 mirabile
511 3653 519 3688 a
536 3630 583 3688 cui
596 3650 701 3711 magno
721 3628 794 3688 nihil
809 3642 853 3689 est
867 3652 1013 3713 magnum.
1031 3656 1044 3683 s
1061 3630 1148 3712 (sen.

62 3736 168 3819 Epist.
187 3736 265 3819 vn.)
279 3736 356 3812 Quid
365 3738 419 3795 ista
432 3738 519 3809 vilia,
536 3749 565 3796 et
578 3748 709 3810 mrrena,
726 3748 756 3795 et
768 3739 895 3818 peritura
911 3736 996 3797 suntl
1012 3736 1094 3797 lurni.
1110 3737 1153 3797 Si·

61 3844 265 3905 militudinem
279 3858 357 3904 tuam
369 3845 481 3917 recole,
497 3856 583 3925 atque
597 3846 666 3904 item
680 3845 821 3926 originem
834 3868 842 3903 a
855 3857 977 3925 utraque
988 3844 1085 3905 divina
1097 3858 1149 3905 est.

61 3952 110 4011 Ut
127 3951 216 4033 igitur
233 3977 246 4004 ι
260 3950 333 4009 radii
347 3948 418 4009 Solis
430 3953 598 4031 contingunt
610 3949 728 4031 quidem
743 3962 865 4025 terram,
882 3950 933 4010 sed
946 3950 986 4009 ibi
998 3964 1065 4010 sunt
1074 3951 1152 4012 unde

63 4057 245 4116 emittuntur
260 4080 269 4115 a
284 4058 324 4116 sic
337 4057 449 4116 animus
464 4057 513 4116 ille
527 4078 649 4139 magnus
663 4068 690 4116 et
702 4079 794 4130 sacer,
812 4068 840 4116 et
854 4057 884 4115 in
900 4056 955 4115 hoc
969 4055 1110 4117 demissus
1122 4071 1155 4118 ut

61 4163 194 4246 propius
218 4162 315 4223 divina
339 4183 488 4223 nossemus
499 4186 507 4234 ς
522 4175 705 4223 conversetur
718 4162 836 4245 quidem
847 4163 1013 4239 nobiscum,
1029 4164 1081 4224 sed
1094 4164 1156 4223 hae-

64 4281 137 4329 reat
154 4270 257 4352 origini
273 4292 329 4329 suae
342 4296 356 4323 a
372 4268 456 4353 (Seu.
475 4267 568 4351 Epist.
588 4268 670 4351 xer.)
685 4267 766 4344 Fiat,
782 4270 821 4329 mi
837 4269 969 4344 Auditor,
985 4283 1014 4331 et
1029 4270 1083 4331 hoe
1099 4272 1157 4331 line
