2950 4934
301 459 367 526 282
588 453 632 523 L.
658 451 838 522 ANNAEI
862 451 1084 526 SENECAE

299 586 513 683 possidetur,
540 605 643 681 quam
660 588 837 679 queritur.
861 585 1038 680 Quantum
1062 587 1196 658 damnis
1214 591 1379 684 ingemis-

298 717 398 793 cunt,
420 726 496 797 quoe
513 717 549 774 et
566 726 688 796 magna
704 702 881 788 incidunt,
899 719 935 773 et
951 704 1115 778 videntur
1136 702 1281 801 majora!
1304 709 1379 788 De-

298 820 423 912 nique,
448 823 509 887 ut¹
538 817 628 887 nihii
652 817 721 887 iliis
749 818 886 889 fortuna
913 817 1093 910 detrahat,¹
1115 819 1285 916 quidquid
1309 846 1378 890 non

244 969 272 1018 ¹⁷
298 938 514 1030 acquiritur,
535 935 697 1006 damnum
708 951 779 1030 lest.
803 973 844 990 -
867 936 912 1006 At
929 936 1063 1006 felicem
1080 938 1178 1008 iilum
1195 937 1375 1021 homiues,

299 1069 334 1123 et
346 1050 487 1123 divitem
501 1068 643 1136 vocant,
659 1067 694 1121 et
708 1053 874 1145 consequi
888 1068 1026 1149 optant,
1045 1070 1210 1148 quantum
1224 1055 1285 1126 ilie
1300 1078 1379 1148 pos-

299 1168 401 1240 sidet.
411 1171 607 1241 -Fateou
622 1168 719 1263 Quid
733 1193 817 1264 ergo
828 1171 844 1238 i
857 1185 895 1238 tu
908 1169 997 1239 ullos
1007 1195 1081 1241 esse
1097 1171 1305 1241 conditionis
1317 1196 1380 1265 pe-

294 1288 383 1380 joris
399 1287 590 1370 existimas,
609 1308 713 1378 quam
726 1286 788 1378 qui
802 1283 931 1354 habent
946 1301 981 1355 et
997 1288 1168 1358 miseriam
1178 1293 1215 1372 ²,
1230 1303 1265 1356 et
1281 1289 1380 1356 invi·

298 1403 389 1472 diam
399 1404 572 1490 i’Utinsm,
584 1403 645 1495 qui
654 1400 792 1471 divitias
801 1397 971 1496 optaturi³
984 1419 1110 1488 esseut,
1123 1428 1201 1473 cum
1212 1401 1379 1472 divitibus

299 1512 548 1586 deliberarent!
574 1517 723 1603 utinam,
750 1514 899 1587 honores
918 1519 1076 1611 petituri,
1096 1541 1175 1586 cum
1190 1515 1379 1586 ambitiosis

298 1650 334 1702 et
349 1658 517 1704 summum
533 1631 667 1729 adeptis
679 1632 856 1729 dignitatis
873 1649 996 1705 statum
1008 1632 1021 1706 ἔ,
1036 1635 1189 1730 profecto
1206 1651 1285 1706 vota
1301 1659 1380 1704 mu-

298 1763 444 1835 tasscu13
465 1772 570 1841 quum
586 1749 726 1816 iuterim
739 1747 794 1818 iili
807 1772 894 1820 nova
911 1749 1121 1844 suscipiunt,
1140 1774 1246 1845 quum
1261 1751 1379 1845 priora

298 1865 534 1934 damnaverint
542 1857 570 1932 ⁴'.
590 1867 698 1935 Nemo
715 1866 809 1934 enim
831 1882 904 1950 est,
931 1867 988 1935 cui
1008 1865 1153 1936 felicitas
1170 1891 1252 1951 sua,
1275 1867 1378 1934 etium

244 1993 275 2046 ιθ
298 1982 446 2052 sicursu
464 1983 578 2066 venit,
597 1981 793 2052 satisfaciat.
813 1981 1018 2076 Queruntur
1036 1999 1072 2054 et
1090 1982 1133 2054 de
1151 1982 1324 2071 consiliis,
1346 1999 1380 2052 et

298 2095 342 2165 de
351 2097 568 2192 processibus
576 2087 688 2184 suis⁵3
703 2097 903 2190 maluntque
914 2121 1134 2193 semperque
1146 2097 1375 2189 reliquerunt.

346 2216 466 2308 Itaque
490 2213 559 2286 hoc
580 2213 643 2282 tibi
664 2213 887 2309 Philosophia
904 2215 1098 2309 praestabit,
1124 2239 1193 2309 quo
1216 2212 1378 2308 equidem

286 2318 386 2402 'nihii
399 2331 508 2425 majus
521 2333 676 2401 existimo
690 2359 699 2400 ι
711 2355 886 2426 nunquam
900 2350 936 2403 te
950 2333 1130 2429 poenitebit
1142 2334 1206 2403 tui.
1222 2331 1278 2401 Ad
1290 2332 1380 2401 banc

298 2466 366 2518 tam
378 2447 521 2518 solidam
533 2449 750 2532 felicitatem,
766 2472 869 2542 quam
882 2464 1064 2544 tempestas
1077 2450 1172 2520 nulla
1184 2450 1376 2535 concutiat,

298 2591 368 2636 non
385 2561 577 2661 perducent
599 2581 633 2635 te
655 2581 736 2661 apte
751 2567 859 2636 verba
876 2582 1054 2651 contexta,
1080 2582 1116 2637 et
1139 2568 1249 2638 oratio
1267 2566 1380 2636 fluens

299 2685 434 2754 leniter.
450 2687 559 2768 Eant,
574 2698 613 2751 ut
629 2682 766 2769 volen13
783 2680 862 2752 dum
875 2684 990 2752 auimo
1003 2685 1205 2778 compositio
1222 2707 1286 2754 suu
1298 2707 1380 2752 cou-

198 2817 202 2831 '
299 2818 384 2886 stet,
400 2803 480 2872 dum
490 2803 535 2871 sit
548 2824 709 2896 magnus,
727 2815 762 2868 et
771 2800 968 2894 opinionum
980 2793 1164 2888 securus⁶,
1180 2799 1268 2870 etob
1282 2803 1376 2896 ipsu,

299 2945 376 3014 quae
392 2921 470 2989 aliis
488 2917 690 3015 displicent,
710 2916 777 2985 sibi
796 2917 956 3011 placena3
983 2920 1044 3011 qui
1062 2917 1253 3013 profectum
1279 2941 1380 2988 suum

298 3144 365 3204 sire,
379 3150 405 3192 et
421 3158 476 3209 por
486 3139 560 3191 celles
572 3137 668 3206 qu'eiie
679 3131 808 3204 posside!
857 3145 989 3207 postquam
998 3133 1083 3209 priora
1090 3133 1284 3203 damnaverint,
1296 3147 1325 3188 ut
1335 3155 1379 3207 po·

333 3237 356 3271 ι.
370 3217 408 3268 Ut
420 3216 490 3269 nihii.
500 3216 552 3267 lut.
564 3211 662 3267 etiamsi
671 3210 747 3264 nihil.
858 3224 883 3266 te
895 3231 952 3283 que
964 3225 1088 3288 speratam
1105 3213 1253 3266 felicitatem
1268 3213 1380 3266 minime

331 3315 355 3348 a.
364 3291 403 3346 Et
412 3295 563 3355 miserim,
576 3302 601 3345 et
611 3290 749 3343 invidiam.
761 3289 810 3340 lu-
859 3294 993 3348 offerrent.

298 3371 425 3434 videntur,
433 3371 492 3442 quia
500 3367 739 3434 felicesersduntur‚
749 3365 810 3419 dum
893 3375 916 3426 5.
926 3371 965 3425 Et
973 3369 1246 3440 depmsessibussus's.
1254 3369 1381 3440 Quemn·

298 3462 386 3504 contra
399 3447 486 3502 miseri
497 3459 564 3500 sunt.
860 3464 901 3504 tur
911 3449 980 3521 quod
995 3451 1063 3504 bens
1076 3447 1243 3522 processerint
1259 3447 1289 3500 in
1305 3448 1381 3502 obii-

332 3529 355 3583 3.
370 3529 502 3598 optaturi.
513 3526 557 3579 Sit
568 3525 661 3579 dedere
670 3545 698 3578 α.
707 3525 745 3578 R·
757 3524 811 3577 Pt·
861 3529 954 3584 nendis
966 3530 997 3582 iis
1005 3566 1013 3595 ‚
1021 3539 1234 3603 quoeoptaverunt
1242 3548 1250 3592 ;
1259 3547 1342 3598 quum
1350 3549 1382 3582 aa

298 3607 341 3660 ist.
352 3629 383 3673 n,
398 3609 423 3676 4.
434 3605 491 3660 cot.
504 3604 557 3659 Alii
569 3603 648 3678 vulgo
663 3606 811 3676 appelitun'.
861 3608 916 3683 ipsa
929 3627 982 3660 nou
998 3606 1060 3660 talia
1075 3605 1171 3659 fuerint
1187 3605 1274 3677 qualia
1287 3625 1383 3680 spun-

299 3689 382 3745 Sabe.
861 3699 957 3740 verant.

332 3768 358 3835 ⁴.
371 3768 462 3839 Quum
468 3768 561 3837 priora
571 3765 760 3817 damnaverim.
768 3761 812 3816 Sic
893 3763 918 3818 6.
929 3766 966 3817 Et
972 3766 1121 3836 opinionum
1130 3781 1242 3817 securus.
1251 3763 1324 3832 Quid
1334 3764 1382 3818 olii

299 3859 359 3900 vett.
368 3844 428 3899 libri
442 3865 546 3908 omnes,
561 3862 615 3895 uno
625 3841 736 3913 quodam
748 3840 813 3894 Piu-
862 3841 893 3894 de
914 3839 959 3892 iiio
976 3839 1112 3914 opinentur
1134 3858 1250 3902 securus,
1265 3850 1296 3892 ut
1318 3852 1381 3913 pote

299 3923 366 3977 ciani
377 3934 494 3995 excepto,
508 3943 523 3975 a
538 3941 590 3993 quo
603 3919 733 3991 vuigatam
744 3917 812 3972 scri-
861 3916 1093 3992 vuigiopinionem
1106 3935 1235 3990 spernens.
1250 3916 1323 3970 Editi
1335 3931 1382 3970 ta-
1472 3987 1473 3994 ἵ

298 4017 397 4076 pturam
408 4004 552 4070 quipn'om
563 3995 813 4052 dammvemnsad-
861 4017 921 4050 meu
940 3996 1017 4062 olim,
1037 4007 1061 4049 et
1078 3995 1182 4066 quidam
1196 3995 1296 4067 scripti,
1316 4001 1382 4064 opi-
1472 4003 1473 4068 i

298 4080 373 4135 scivit
390 4080 459 4132 Mur.
480 4077 562 4131 Sese.
573 4105 606 4118 -
616 4077 665 4128 int.
684 4085 743 4127 von
766 4072 813 4146 ipsi
861 4080 1211 4139 niomunsuammsecums,
1224 4072 1381 4149 quodpiam

299 4171 435 4224 mutarent,
442 4177 521 4227 quum
530 4155 648 4209 viderent
656 4149 813 4206 iiiosdivites
862 4155 990 4209 diversum
1004 4165 1080 4219 esset,
1096 4151 1257 4225 signatosque
1274 4151 1381 4206 firmum

246 4278 248 4281 -
300 4251 323 4291 et
339 4235 485 4290 ambitiosos
506 4253 574 4288 nova
591 4245 650 4288 vota
670 4231 808 4292 inchoare,
863 4246 887 4288 et
900 4231 1174 4290 certumdscretorun.
1187 4229 1261 4299 lips.
