2950 4934
216 472 225 493 ·
250 480 252 492 ι
308 438 375 509 356
596 440 637 505 L.
663 434 841 504 ANNAEl
864 434 1081 507 SENECAE

251 578 281 632 ιδ
306 571 384 639 lius.
405 571 591 662 Paupertas
607 566 694 635 nulli
716 563 843 635 malurn
861 582 933 654 est,
953 566 1021 635 uisi
1047 570 1271 661 repugnanti.
1292 572 1378 639 Mors
1464 611 1465 634 2

305 689 432 759 malum
448 711 518 755 non
532 700 595 755 est.
612 684 709 778 Quid
721 684 792 753 sit?
807 684 931 776 quaeris
946 689 970 752 ¹.
986 683 1066 754 Sola
1074 685 1133 777 jus
1146 709 1281 777 equum
1291 692 1305 721 ²
1321 712 1378 781 ge-

305 809 398 876 neris
416 804 568 874 humaui.
589 802 794 897 Superstitio
818 826 917 870 error
937 793 1097 871 insanus³
1114 818 1165 870 est
1193 829 1200 868 :
1225 806 1379 873 amandos

303 924 423 1007 timet3
446 943 532 1014 quos
548 920 651 1005 colit,
677 911 821 988 violat⁴.
843 916 942 1012 Quid
965 918 1057 985 enim
1085 920 1250 1002 interest,
1271 938 1376 989 utrum

302 1041 393 1109 Deos
409 1061 514 1131 neges
528 1087 540 1123 ,
556 1061 601 1105 an
616 1036 788 1105 infames?
805 1062 821 1098 n
839 1038 920 1103 Haee
933 1032 1187 1119 discenda‚imo
1201 1036 1378 1106 ediscenda

301 1171 382 1226 strnt
396 1179 484 1223 :non
493 1153 596 1222 dehet
609 1154 842 1221 excusationes
857 1152 942 1219 vitio
951 1150 1173 1245 Philosophia
1183 1177 1376 1247 suggerere.

300 1272 437 1341 Nullam
450 1270 556 1339 hahet
565 1293 660 1362 spem
671 1269 791 1338 salutis
803 1292 908 1363 aeger,
923 1268 1080 1360 quemad
1090 1269 1380 1363 intemperantiam
1464 1241 1465 1300 l

302 1387 455 1458 medicus
471 1386 641 1455 hortatur.
664 1385 762 1455 Vale.

301 1602 400 1657 Vitiose
412 1606 490 1656 uolue
506 1620 555 1655 ms.
569 1620 596 1655 n.
608 1601 681 1675 eujus
695 1598 776 1653 scriba
787 1602 822 1653 sd
870 1602 1007 1657 commode
1023 1602 1146 1674 ignorent
1160 1622 1220 1655 mss.
1232 1623 1260 1654 a.
1271 1622 1294 1655 c.
1307 1603 1342 1655 A.
1355 1601 1381 1654 S.

300 1682 378 1733 linem
396 1698 532 1753 properans
550 1679 661 1754 plurima
681 1679 820 1753 presertim
903 1680 927 1733 3.
936 1679 1021 1733 Error
1028 1681 1116 1733 incon.
1127 1679 1276 1752 Schweigh.
1289 1680 1320 1733 iu
1329 1692 1381 1732 ter-

301 1760 329 1812 in
340 1759 457 1812 eutremis
473 1758 592 1831 Epistolis
607 1759 700 1810 erravit
710 1774 716 1809 :
726 1756 821 1810 viden·
870 1772 925 1810 tnm
938 1757 1075 1809 admiserat
1086 1761 1261 1821 insanientis,
1274 1758 1344 1829 quod
1356 1756 1382 1809 in

301 1839 364 1891 dum
376 1856 452 1902 vcro,
466 1856 498 1890 ue
512 1835 538 1887 ln
552 1836 570 1888 l.
583 1836 687 1888 oolam
697 1833 821 1887 debuerit
870 1836 938 1888 notis
954 1836 992 1888 sic
1003 1835 1109 1908 corrigit
1120 1853 1128 1888 t
1141 1836 1254 1907 uisentis
1264 1837 1382 1910 scriptun

305 1919 421 1971 Volotile
433 1914 490 1968 edd.
502 1934 532 1969 eu
542 1913 669 1969 Recto.
869 1913 1019 1977 volueram,
1042 1913 1113 1983 qued
1133 1935 1163 1967 cx
1177 1914 1258 1986 probo
1274 1915 1383 1969 codrus.

337 2018 357 2049 r·
380 1992 457 2066 Quid
468 1999 519 2056 sit,
538 1996 643 2064 puteris.
663 1990 708 2044 Sic
726 1990 766 2043 ed.
783 1982 820 2043 Il.
870 1990 1093 2044 commendaverat
1105 1990 1260 2054 Pincianus;
1273 2011 1327 2045 uon
1340 1996 1384 2045 in-

299 2074 376 2125 Tsrr.
385 2084 410 2124 et
422 2072 489 2123 Ven.
499 2082 558 2125 cum
570 2068 617 2121 Pal
630 2088 659 2129 2,
673 2068 689 2119 ³
705 2079 731 2121 et
746 2066 819 2120 Pius.
869 2072 1006 2123 senients‘s.
1018 2071 1138 2123 Insanus
1147 2070 1242 2123 debent
1252 2092 1314 2124 curn
1326 2072 1385 2125 edi-

304 2152 380 2223 Quid
389 2150 503 2217 puteris?
516 2148 605 2201 edEr.
615 2166 674 2201 cum
682 2167 709 2199 u.
720 2164 741 2197 c.
750 2148 785 2198 A.
797 2155 822 2197 et
869 2144 902 2196 tis
920 2144 963 2197 elii
982 2144 1054 2197 mssti
1077 2165 1182 2210 omnes,
1201 2166 1256 2199 uno
1280 2148 1339 2201 eod.
1358 2169 1385 2199 n.

299 2228 364 2281 aliis.
381 2220 458 2297 Quid
476 2224 613 2296 querens?
633 2222 712 2297 vulgo
730 2222 820 2276 eddo
872 2235 989 2294 excepto,
1007 2222 1034 2275 in
1050 2242 1103 2292 quo
1118 2226 1295 2277 insanandus.

277 2362 280 2365 ,
299 2306 368 2357 Mur.
378 2304 463 2358 Satn.
902 2302 926 2365 4.
939 2302 1014 2374 Quos
1025 2304 1100 2365 colit,
1110 2306 1200 2356 natat.
1208 2302 1249 2355 De
1260 2303 1386 2357 Clemens

334 2384 417 2438 unlus
427 2403 540 2457 oeqrsum.
549 2379 756 2451 Adjiciebsntfest
764 2380 821 2433 vul·
868 2380 895 2433 11
903 2419 910 2445 ,
919 2382 933 2431 5
943 2397 973 2433 t«
981 2379 1084 2451 lleligio
1093 2382 1154 2434 deos
1161 2380 1237 2448 colit,
1245 2384 1386 2455 superstitio

302 2458 820 2533 gatecdd.exms.R.Sedverbumistud
870 2457 976 2512 violet.»
999 2456 1087 2513 lluhk.

295 2648 1377 2681 W

554 2809 880 2940 ¹norsronl
909 2811 1118 2898 cxxiv.

783 3042 919 3067 ιὰ.-

392 3240 496 3279 tt'tttun
514 3239 617 3286 senen,
636 3238 674 3277 nn
692 3238 884 3293 nimi-ww,
905 3233 1175 3281 consumemus
1191 3240 1305 3284 BORUI.

336 3366 435 3419 Laudat
450 3365 560 3419 ornicum
571 3402 579 3430 ,
591 3364 661 3437 quod
674 3365 702 3419 in
717 3365 935 3437 disquisitionibus
947 3365 1129 3441 philosophicis
1141 3386 1190 3421 uec
1200 3365 1307 3422 subtilis
1321 3388 1393 3423 cou-

303 3464 415 3515 temust,
430 3450 474 3503 sed
484 3452 572 3505 omniu
589 3452 622 3505 sd
635 3454 777 3525 profectum
794 3452 906 3523 aliquem
919 3453 1039 3526 redigens
1056 3451 1094 3505 ibi
1110 3465 1210 3505 tautum
1222 3454 1394 3515 offendetur,
1464 3505 1465 3508 ,

304 3537 350 3590 ubi
363 3537 405 3589 vel
421 3554 520 3589 summa
530 3536 685 3599 subtilitate,
699 3536 765 3589 nihil
776 3537 846 3608 qnod
858 3557 888 3590 eo
900 3537 1023 3610 pertinet,
1037 3551 1134 3610 agutur.
1146 3537 1227 3592 Cavet
1236 3540 1326 3608 itaque
1339 3577 1348 3602 ,
1361 3560 1396 3590 ne

303 3621 393 3674 timeat
406 3620 455 3673 tale
465 3620 527 3691 qnid
540 3622 568 3673 in
581 3621 738 3691 quaestione,
750 3640 828 3691 quem
839 3622 995 3674 trectsudaru
1006 3621 1054 3674 sibi
1063 3622 1186 3695 sumpsit,
1198 3636 1287 3676 utrum
1298 3644 1396 3690 sensu,
1464 3649 1465 3658 ¹

304 3724 338 3760 an
353 3706 481 3759 intellectu
495 3705 725 3780 comprehendatur
736 3705 844 3759 honum.
856 3706 896 3758 lbi
907 3708 990 3759 stetim
1007 3708 1129 3780 Epicurei
1140 3708 1294 3761 dissentiunt
1304 3710 1398 3762 sensi-
1464 3697 1465 3764 l

304 3786 355 3840 hilo
368 3787 507 3856 judicantes
518 3787 632 3848 bonurn,
646 3806 727 3859 quum
737 3786 817 3840 Stoici
830 3786 895 3840 illud
905 3788 992 3841 animo
1003 3790 1079 3852 dent,
1093 3790 1203 3861 ideoque
1224 3790 1398 3864 intelligibile

304 3964 409 4031 dentes,
423 3974 496 4031 atque
507 3961 573 4015 nihil
588 3962 662 4017 virile
677 3982 782 4016 ausuros
791 3963 886 4016 doloris
897 3974 985 4029 metu,
1002 3962 1048 4035 qui
1064 3965 1142 4017 alters
1155 3985 1184 4017 er
1196 3978 1266 4039 parte
1280 3985 1376 4019 sensus
1390 4004 1398 4028 ,

306 4046 407 4103 obtusas
426 4047 482 4100 illas
496 4067 534 4101 res
553 4062 577 4101 et
594 4050 713 4118 hebetes,
736 4070 782 4121 pro
804 4048 931 4121 iudicibus
950 4050 1014 4103 boni
1030 4071 1059 4105 ac
1073 4052 1135 4105 sneli
1150 4051 1245 4105 habent
1255 4095 1264 4119 ,
1284 4072 1399 4105 omueru

306 4134 398 4206 qnippe
410 4132 542 4187 seientiam
554 4146 629 4205 utque
645 4148 725 4188 ortem
741 4147 872 4208 putentes,
886 4134 995 4207 ideoque
1006 4150 1031 4190 et
1048 4138 1127 4192 vitem
1143 4138 1261 4206 beatem
1271 4160 1287 4193 s
1300 4137 1400 4192 ruani-
1464 4163 1465 4170 κ

306 4216 376 4268 lestis
395 4226 419 4267 et
429 4233 459 4267 eo
473 4216 542 4283 quod
556 4218 603 4269 sub
613 4237 717 4271 sensum
731 4218 815 4287 cadit,
828 4218 1025 4275 laudamentum
1035 4234 1061 4275 et
1072 4220 1176 4276 initiunt
1191 4241 1281 4297 cepere
1293 4222 1403 4277 debere
