2950 4934
140 462 143 465 ’
244 432 490 511 PHYSIOL.
519 433 777 509 s'rolcon.
805 436 904 505 LIB.
930 437 984 503 ll.
1084 438 1150 507 623

71 584 138 647 Etsi
152 605 207 645 nee
220 582 252 643 id
261 584 416 644 obscurum
428 602 445 640 e
456 580 540 641 dictis
553 624 562 655 ,
578 592 622 640 est
634 582 712 641 enim
723 580 802 639 idern
811 578 861 639 ille
875 577 1019 662 purgandi
1030 590 1058 639 et
1067 602 1158 641 reno-

72 693 182 766 vandi,
197 692 289 771 quiin
302 690 419 749 Diluvio
433 685 499 747 tuit.
510 686 665 747 Tolluntur
673 686 741 747 meli
755 731 763 761 ,
782 698 811 747 et
825 686 901 746 malo
916 698 965 747 eut
978 686 1053 747 vieto
1068 710 1076 747 s
1089 687 1158 748 boni

73 811 105 883 et
119 798 232 857 innoxii
243 807 388 868 creantur,
405 806 435 853 et
447 793 569 876 pulchra
579 794 684 853 iterum
695 815 727 853 nc
737 794 927 874 juvenescens
941 792 1028 855 facies
1041 794 1157 861 Mundi.

72 902 263 979 Plutarchus,
277 904 315 964 de
328 902 428 962 Stoicis
443 899 507 983 (De
522 922 667 960 commun.
683 898 771 982 Not.)
787 924 796 959 s
817 927 831 953 ιι
847 900 943 977 Quum
959 900 1099 961 mundum
1112 902 1159 961 isti

72 1012 277 1083 incenderint,
289 1010 357 1069 mali
371 1008 444 1067 nihil
458 1029 579 1089 usquom
594 1008 777 1087 relinquitur,
790 1007 842 1067 sed
852 1008 1020 1067 universum
1033 1020 1077 1069 est
1086 1032 1159 1090 pru-

70 1120 167 1195 dens,
181 1118 323 1200 probum,
339 1118 464 1199 sapiens.
483 1143 498 1169 a
516 1115 624 1175 &neca
634 1113 761 1197 (Quost.
775 1112 834 1189 Ill,
849 1138 913 1197 cop.
927 1115 1025 1197 ult.):
1041 1142 1055 1170 n
1064 1116 1159 1177 Omne

74 1226 189 1287 animal
201 1246 239 1287 ex
261 1226 373 1305 integro
386 1223 571 1305 generabitis
586 1221 759 1303 dabiturque
771 1224 855 1282 terris
871 1222 957 1284 borno
971 1224 1078 1281 inscius
1094 1244 1161 1283 sce-

70 1334 193 1406 lerum,
215 1343 244 1391 et
257 1330 424 1391 melioribus
440 1330 575 1410 auspiciis
589 1341 685 1389 notus.
703 1326 761 1389 Sed
782 1329 838 1389 illis
860 1349 976 1411 quoque
994 1330 1159 1390 innocentia

70 1462 139 1499 non
155 1438 292 1512 durabit,
308 1436 365 1497 nisi
379 1436 450 1495 dum
463 1436 531 1494 novi
544 1448 636 1495 eunte
659 1437 715 1494 cito
734 1436 862 1517 nequitia
879 1436 1023 1517 subrepet.
1040 1462 1054 1489 s
1076 1438 1157 1497 Nova

70 1546 166 1627 igitur
178 1544 294 1615 omnia,
306 1566 344 1603 an
355 1543 451 1623 potius
461 1540 587 1600 noveta?
600 1540 702 1621 Neque
713 1542 791 1600 enim
805 1542 860 1601 olio
872 1540 959 1601 socies
968 1540 1072 1603 Mundi
1085 1544 1156 1618 erit,

70 1674 165 1734 quam
175 1651 262 1729 liujus
276 1649 352 1712 luit:
369 1661 398 1709 et
411 1648 512 1709 eadem
528 1647 641 1720 omnia,
654 1648 743 1705 immo
756 1658 784 1706 et
794 1646 924 1706 homines
938 1646 1025 1707 iidem
1037 1648 1160 1710 redeunt

69 1762 107 1819 in
123 1760 234 1819 orbem.
256 1756 359 1817 Cicero
373 1753 428 1837 (ll
445 1756 490 1813 De
504 1754 570 1813 Nat.
586 1751 696 1835 Deos.)
712 1777 721 1812 τ
741 1780 755 1807 «ι
771 1754 838 1813 Post
847 1753 1099 1814 inflammationem
1109 1780 1160 1817 re-

68 1865 171 1944 linqui
186 1862 259 1923 nihil
273 1875 378 1943 praeter
401 1862 520 1943 ignem,
548 1882 565 1918 a
588 1882 647 1940 quo
668 1880 803 1934 rursum,
829 1883 862 1919 oc
884 1861 921 1922 de
938 1882 989 1935 eo,
1014 1864 1161 1924 renovatio
1249 1930 1251 1939 ‚

71 1970 183 2032 Mundi
200 1971 302 2041 lieret,
319 1968 456 2049 idemque
471 1980 589 2027 ornatus
605 1968 739 2027 oriretur.
762 1992 775 2020 u
794 1968 953 2027 Numenius
970 1969 1047 2049 apud
1062 1970 1160 2031 Euse-

69 2080 182 2139 biumz
202 2104 216 2133 α
231 2076 400 2157 lternmque
410 2087 476 2157 post
488 2075 589 2158 Ignem
600 2075 744 2135 Mundum
759 2078 892 2137 constitui
907 2090 935 2137 et
947 2078 1066 2158 perfici,
1082 2102 1159 2161 qua-

69 2186 112 2245 lis
123 2196 210 2245 antea
224 2195 295 2245 erat.
311 2209 325 2237 s
338 2182 384 2241 De
398 2176 468 2263 ipsis
480 2182 564 2241 etiam
578 2180 742 2241 hominibus
754 2226 762 2255 ,
774 2181 881 2242 Seneca
891 2182 1005 2265 (Epist.
1025 2185 1157 2268 xxxvr):

74 2318 93 2343 «ι
108 2289 212 2362 Mors,
228 2310 316 2369 quam
329 2287 557 2368 pertimescimus
568 2308 602 2345 uc
612 2308 795 2361 recusamus,
811 2289 973 2350 intermittit
981 2294 1069 2352 vitam
1080 2337 1088 2369 ,
1101 2316 1160 2353 non

71 2398 175 2478 eripit.
192 2396 299 2457 Veniet
313 2396 438 2468 iterum,
455 2396 505 2475 qui
520 2416 572 2454 nos
588 2396 618 2452 in
633 2396 727 2455 lucem
739 2410 861 2476 reponat
876 2398 953 2471 dies,
969 2422 1055 2481 quem
1076 2403 1158 2462 multi

70 2515 263 2575 recusarent,
278 2503 335 2561 nisi
351 2502 454 2561 oblitos
473 2500 633 2560 reduceret.
652 2526 667 2552 a
685 2501 776 2561 Vides
792 2506 1013 2585 παλιγγενεσίαν,
1033 2508 1085 2569 sed
1102 2508 1158 2567 alio

69 2608 204 2692 quodam
213 2631 230 2668 n
240 2606 436 2690 Pythagoricis
450 2628 547 2667 sensu.
564 2607 659 2687 Atque
675 2606 726 2667 has
739 2609 957 2685 innovationes,
973 2614 1158 2674 iterationes-

70 2736 138 2798 que
150 2760 159 2789 ,
173 2728 291 2777 eternus
305 2713 448 2773 faciebant
469 2736 477 2771 ε
495 2738 509 2765 α
526 2712 630 2771 talibus
645 2715 896 2789 conversionibus,
916 2718 956 2776 ait
973 2718 1154 2795 Numenius,

71 2822 263 2905 periodisque
273 2820 311 2881 sb
321 2833 426 2880 aterno
436 2820 635 2880 evenientibus
649 2864 657 2893 ,
670 2820 875 2882 indesinenter.
892 2850 905 2877 s
922 2826 1015 2906 Atque
1026 2825 1080 2887 boc
1092 2840 1155 2903 est,

71 2928 160 3011 quod
182 2930 338 3002 Taticnus,
362 2940 444 2987 vetus
470 2926 593 3007 piusque
608 2928 739 3009 scriptor,
766 2930 795 2987 in
820 2931 854 2987 iis
879 2930 996 2993 damnat
1013 2933 1153 3015 (Advers.

73 3035 230 3117 Gentes),
258 3058 317 3095 non
340 3036 441 3117 ipsum?
458 3015 715 3095 luttimmationem
732 3060 741 3094 τ
761 3063 775 3090 o
801 3036 911 3119 Corpus
937 3042 1039 3122 aliquis
1060 3042 1155 3105 Deum

69 3142 199 3203 statuit?
213 3164 266 3225 ego
282 3144 494 3223 incorporeum.
509 3139 759 3223 Incormptibilem
771 3144 915 3205 Mundum
928 3144 941 3205 l
952 3168 1003 3229 ego
1014 3151 1157 3231 corrupti-

70 3252 179 3311 bilem.
199 3248 386 3309 Exustionem
405 3270 459 3329 per
477 3250 555 3307 vices
569 3257 731 3332 temporum
747 3250 905 3313 advenire?
926 3275 979 3336 ego
1001 3256 1111 3331 semel,
1127 3271 1156 3317 et
1189 3248 1190 3251 ¹

72 3362 108 3419 in
124 3358 303 3419 universum.
317 3384 332 3412 s
353 3356 427 3417 Nem
443 3369 472 3416 et
490 3354 658 3418 Christianis
674 3358 765 3439 proba
780 3357 840 3420 lraec
857 3364 1019 3438 sententia,
1043 3364 1094 3425 sed
1115 3364 1155 3423 sic

72 3463 252 3525 modificata.
