2950 4934
327 419 395 506 554
716 421 871 492 JUSTI
893 419 1062 492 mesu

323 561 440 626 morus?
450 559 489 622 Et
499 583 581 638 reu,
592 565 633 623 mi
644 564 828 640 adolescens,
843 565 915 648 qnid
927 565 1036 626 bomini
1050 563 1141 649 magis
1150 567 1305 639 convenit,
1317 587 1401 648 quau

324 669 520 730 hancbabere
542 671 574 729 in
593 671 689 735 auimo
710 684 741 732 et
763 673 875 746 oculis,
898 693 961 754 quar
981 673 1403 752 semper-‚imminencttacito

326 775 451 858 quodam
465 775 541 858 pede
554 779 699 859 surrepit?
715 779 793 838 Pone
808 778 845 839 de
858 790 967 850 morte,
984 778 1091 858 inquis.
1109 776 1134 835 0
1148 799 1235 858 qnam
1251 775 1341 836 aliter·
1354 797 1402 834 ss-

325 880 455 966 pientes!
472 883 528 944 Vel
544 883 677 944 Graecum
692 884 776 944 illum
790 884 857 944 audi
873 883 1037 966 (Musonius
1051 883 1130 965 apud
1143 883 1222 944 Stob.
1238 881 1335 942 Serm.
1358 881 1398 963 r):

328 1020 343 1047 a
357 992 422 1052 Nou
435 1005 480 1054 est
492 1005 661 1074 presentem
677 991 755 1057 dien
770 1005 846 1054 reete
860 994 1038 1077 transigere,
1053 993 1109 1052 uisl
1124 993 1223 1056 status
1238 1011 1304 1054 au
1319 992 1399 1072 qussi

326 1099 457 1160 ultimam
476 1100 684 1182 transfigere.»
707 1098 785 1174 Quid
805 1109 902 1158 noster
917 1099 1047 1160 Smces?
1060 1098 1147 1172 vide,
1162 1119 1249 1179 quam
1262 1107 1401 1156 consonet

327 1203 404 1286 (Ep.
418 1202 509 1288 ur)=
522 1231 537 1259 ι
547 1204 661 1287 ldago,
673 1205 786 1264 utmilri
798 1206 886 1265 instar
895 1205 981 1264 totius
994 1206 1058 1264 vira
1073 1204 1110 1264 sit
1123 1203 1195 1263 diss.
1207 1201 1268 1262 Nee
1277 1199 1400 1260 multerh

328 1311 406 1371 eules
425 1322 562 1391 mnquam
576 1310 711 1372 ultimum
723 1312 823 1394 rapio,
846 1309 898 1372 sed
915 1310 957 1372 sie
973 1311 1100 1392 aspicio,
1115 1321 1251 1390 tanqmm
1268 1327 1337 1366 esse
1357 1307 1399 1366 vel

327 1419 444 1478 ultimus
454 1418 554 1498 possit.
563 1416 627 1476 lloe
638 1418 733 1476 auimo
746 1416 797 1476 tibi
807 1415 881 1476 haue
892 1416 1040 1498 epistolum
1048 1414 1152 1488 scribo,
1162 1425 1302 1494 tanquam
1311 1433 1399 1493 qrrruu

328 1525 452 1583 maxime
465 1521 635 1582 scribentem
650 1543 726 1582 mors
741 1534 891 1582 evocatura
907 1523 954 1580 sit.
969 1547 983 1574 ιι
1000 1520 1142 1580 Salutaris
1152 1518 1243 1590 dicta,
1259 1529 1290 1576 et
1306 1539 1397 1577 sensa.

328 1628 438 1712 Surgo,
454 1650 571 1712 possum
585 1651 645 1688 nou
658 1629 701 1688 ire
715 1626 1020 1699 eubitrrmadecubui,
1037 1645 1220 1708 possumnon
1233 1645 1397 1706 exsurgere.

328 1735 515 1816 burrei-piam
529 1756 583 1807 eo,
602 1755 639 1792 su
654 1732 771 1793 domum
786 1732 906 1794 redibo?
921 1732 957 1792 ad
973 1733 1046 1792 bane
1065 1732 1157 1806 redii,
1174 1753 1210 1790 au
1223 1729 1307 1790 illam
1323 1732 1399 1790 reri-

328 1841 410 1902 sam?
424 1843 479 1916 At,
496 1842 627 1922 inquies,
644 1841 731 1899 tristis
746 1839 806 1899 hec
821 1841 953 1922 cogitatio
968 1861 1055 1921 super
1069 1851 1176 1911 morte,
1193 1851 1221 1897 et
1236 1839 1333 1919 ipsam
1347 1837 1400 1896 ad-

329 1941 418 2007 du‘eir.
432 1946 550 2009 Falleris
561 1970 569 2016 ;
582 1947 698 2026 sapiens
711 1968 777 2006 cunr
789 1945 993 2027 tranquillitate
1004 1945 1040 2006 tle
1054 1967 1087 2006 ca
1101 1947 1223 2028 cogitet:
1237 1965 1295 2004 non
1307 1945 1398 2014 aliter,

329 2073 416 2134 quam
431 2053 461 2112 iu
475 2053 548 2110 mari
562 2063 591 2110 et
605 2053 689 2140 navi,
707 2064 807 2111 ventos
819 2064 848 2112 et
858 2051 921 2110 vela
932 2062 1059 2133 spectat,
1077 2051 1180 2132 quibus
1194 2049 1283 2110 fertur
1292 2052 1326 2109 iu
1339 2073 1400 2132 pur·

225 2149 230 2158 ¹
329 2173 391 2219 tum
406 2182 415 2216 ε
431 2180 485 2218 uec
499 2171 594 2218 tamen
609 2160 671 2243 ipsa
686 2161 820 2242 cogitatio
835 2181 901 2222 eum
917 2157 1060 2222 transfert.
1084 2161 1123 2218 Ar
1139 2157 1196 2218 bec
1216 2157 1358 2227 stultitia,
1376 2169 1401 2216 ct

330 2265 422 2324 omnis
437 2285 515 2324 error
529 2277 626 2323 noster
640 2275 696 2334 est,
714 2265 744 2322 iu
757 2261 888 2324 fluetibus
904 2276 932 2324 et
946 2267 1020 2324 inter
1034 2263 1125 2324 undas
1138 2265 1237 2344 jactari
1254 2263 1397 2330 volumus,
1454 2311 1455 2332 ,

331 2368 565 2444 reformidamus,
580 2391 638 2449 qno
654 2383 757 2432 natura
771 2372 922 2432 erratione
937 2369 1085 2444 ducimur,
1102 2371 1262 2450 pervenire.
1281 2369 1328 2430 Dc
1342 2367 1399 2428 Na-

331 2489 411 2549 tura,
427 2478 553 2536 seimus:

495 2629 587 2678 omne·
596 2625 683 2677 codem
697 2626 821 2687 ducimur,
836 2627 948 2676 omnium

504 2721 617 2770 Versatur
628 2735 697 2769 arna.

332 2868 383 2930 sed
398 2867 471 2930 etde
486 2869 626 2940 Ratione,
641 2869 705 2947 quis
717 2869 779 2946 ejus
791 2889 907 2949 compos
918 2867 1090 2950 abnegabit?
1100 2867 1177 2946 Quid
1188 2870 1241 2930 nisi
1254 2867 1301 2932 lrie
1310 2871 1402 2948 jaeta-
1452 2891 1453 2940 i

334 2975 445 3050 tiones,
469 2997 562 3050 eure,
580 2975 722 3048 mueriae,
747 2975 873 3056 eorporis
896 2987 981 3056 atque
1000 2976 1087 3038 enimi
1102 2974 1214 3040 dolores
1228 2975 1319 3036 sunt?
1334 2973 1405 3036 Eue

334 3083 421 3144 linem
436 3105 445 3140 ι
460 3081 532 3164 quid
546 3079 733 3142 reformidas?
750 3102 816 3140 eece
831 3093 945 3161 portum
962 3106 970 3143 r
987 3103 1039 3142 eru
1048 3103 1106 3142 nou
1118 3081 1226 3145 ianas?
1238 3081 1297 3144 Sed
1310 3103 1403 3144 resera

332 3199 366 3248 ut
377 3187 398 3248 ii
407 3188 457 3270 qui
467 3187 498 3247 iu
509 3209 621 3248 carcere
636 3199 719 3262 suut,
735 3186 810 3248 elabi
826 3187 914 3248 velint
929 3201 957 3248 et
971 3189 1100 3270 possint,
1117 3189 1171 3248 nisi
1185 3200 1282 3248 eustos
1293 3201 1402 3250 teneat:
1451 3207 1452 3224 ¹

334 3295 375 3354 sie
396 3295 427 3357 iu
449 3292 503 3355 lmc
529 3296 586 3354 vitu
605 3315 656 3353 nos
679 3295 753 3356 sistit
772 3295 820 3356 ille
835 3295 913 3356 velut
927 3295 1211 3370 commentariensis,
1227 3297 1319 3358 Amor
1332 3298 1402 3356 rite.

335 3399 487 3462 Pelleudus
501 3413 562 3472 est;
578 3413 607 3461 et
620 3413 654 3460 ut
667 3403 772 3482 possit,
788 3423 861 3484 saepe
877 3399 1079 3483 cogitandum,
1096 3400 1174 3482 quod
1188 3400 1280 3460 semel
1297 3399 1407 3462 facien·
1450 3469 1451 3482 ,

334 3507 404 3570 dum
419 3521 471 3570 est.
490 3535 505 3564 a
514 3508 727 3589 Supervacuum
742 3508 859 3570 forsitan
871 3523 953 3592 putas
968 3509 997 3568 id
1013 3508 1138 3582 discere,
1151 3529 1210 3588 quo
1219 3507 1310 3570 semel
1322 3521 1408 3570 uteu-
1450 3495 1451 3516 ἓ

334 3615 403 3676 dum
420 3613 482 3676 est?
503 3613 567 3677 lloe
589 3628 631 3674 est
644 3616 754 3696 ipsum,
772 3639 861 3697 quare
875 3616 1005 3678 meditari
1027 3615 1200 3688 debeamus,
1216 3637 1334 3697 semper
1349 3615 1408 3674 dis·

333 3722 456 3786 cendum
476 3733 540 3797 est,
568 3721 645 3803 quod
669 3744 705 3780 an
727 3724 848 3784 sciamus
876 3724 1000 3802 experiri
1022 3745 1080 3782 uon
1100 3743 1261 3803 possumus.
1279 3749 1293 3773 ν
1318 3721 1406 3802 (Seu.
1449 3747 1450 3750 ¹

333 3829 427 3910 Epist.
447 3828 547 3910 xxvi.)
563 3829 683 3890 Animus
699 3827 753 3888 boc
772 3829 856 3890 modo
873 3829 981 3904 fortior,
999 3831 1056 3892 vira
1072 3829 1261 3902 emendatior,
1278 3832 1370 3892 immo
1385 3841 1408 3886 et

334 3935 442 4008 letior3
457 3935 529 4019 quid
543 3937 620 3996 euim
635 3947 801 3996 teneurunt
819 3937 928 4010 turbet,
948 3959 1031 4016 quem

555 4092 559 4107 '
671 4127 695 4142 ..
706 4127 712 4142 .
722 4128 729 4143 .
741 4129 747 4142 .
765 4091 804 4142 ille
818 4094 934 4142 timorum

501 4183 621 4234 suinae
630 4182 697 4234 baud
707 4190 778 4249 urget
790 4219 797 4244 ‚
810 4183 852 4233 leti
866 4180 965 4236 nom?
977 4181 1100 4250 (bocas.)
