2950 4934
421 482 673 553 EPISTOLA
687 482 819 552 CXX.
1095 491 1157 556 321

94 616 138 689 tia
167 615 276 685 tristis
303 616 460 708 excepit3
495 616 604 683 civem
627 638 700 683 esse
726 638 764 683 se
787 617 938 685 universi
962 630 998 685 et
1021 618 1161 688 militem

94 732 272 815 credens¹‚
296 730 448 813 labores,
480 729 574 799 velut
603 732 810 824 imperatos,
835 731 954 800 subiit.
981 731 1162 825 Quidquid

94 847 275 931 inciderat,
293 871 362 916 non
384 862 544 939 tanquam
571 845 693 914 malum
713 864 912 940 aspernatos
929 865 998 932 εει,
1022 865 1056 917 ει
1072 851 1106 917 in
1127 876 1177 918 se.

94 988 171 1035 osso
193 964 363 1045 delatum,
388 962 448 1031 sed
474 963 569 1054 quasi
593 963 785 1056 delegatum
808 964 873 1032 sibi
891 971 918 1032 ².
946 969 1020 1034 Hoc
1042 967 1164 1057 quale-

93 1104 237 1173 cumque
259 1097 327 1161 est,
355 1080 496 1173 inquit,
519 1103 631 1148 meum
658 1095 709 1146 est
737 1107 745 1145 :
769 1103 926 1173 asperum
946 1096 1015 1163 est,
1039 1081 1162 1149 durum

93 1213 161 1283 est3
182 1198 219 1264 in
243 1196 310 1265 hoo
334 1174 407 1289 ipso
432 1218 595 1264 navemus
618 1188 798 1289 operaml„
825 1198 1024 1265 Necessario
1047 1199 1163 1289 itaque
1192 1222 1222 1286 tt

92 1337 234 1406 magnus
262 1313 437 1405 apparuit,
466 1313 526 1403 qui
544 1334 719 1401 nunquam
738 1311 835 1380 molis
858 1313 1048 1405 ingemuit,
1068 1336 1163 1381 nuo-

94 1451 194 1520 quam
215 1426 259 1495 de
278 1427 345 1495 lato
364 1450 425 1495 suo
448 1441 587 1519 questus
605 1443 656 1495 est
677 1452 685 1492 ι
708 1427 789 1495 lecit
814 1428 931 1497 moltis
951 1428 1162 1499 intellectum

91 1544 141 1611 sui
155 1537 186 1629 ⁴3
206 1557 240 1610 et
257 1565 326 1609 non
345 1540 463 1623 aliter,
488 1566 589 1633 quam
611 1543 647 1608 in
671 1542 823 1611 tenebris
844 1544 983 1625 lumen,
1008 1544 1160 1630 effulsit3

90 1658 307 1751 advertitque
324 1660 360 1726 in
380 1682 416 1727 se
435 1659 584 1725 omnium
603 1660 756 1742 ¹animos,
777 1684 882 1751 quum
902 1677 991 1729 esset
1009 1661 1163 1753 placidus

91 1791 123 1843 ει
140 1774 252 1855 lenis,
272 1774 430 1841 humanis
450 1767 664 1864 divinisque⁵
683 1772 786 1841 rebus
803 1776 933 1866 pariter
944 1798 1073 1866 aequus.
1091 1779 1162 1845 Ha·

90 1891 193 1960 behet
210 1889 398 1985 perfectum
415 1890 587 1973 animum,
607 1888 650 1955 ad
664 1912 827 1957 summam
842 1891 893 1956 soi
908 1890 1093 1973 adductus,
1109 1917 1164 1960 su-

90 2032 149 2100 pra
164 2030 268 2099 quam
283 2006 370 2073 nihil
384 2020 455 2087 est,
468 2006 535 2073 nisi
545 2028 640 2073 mens
651 2007 734 2091 Dei,
748 2030 788 2072 ex
804 2030 871 2098 qua
885 1997 986 2099 pars‘
999 2022 1033 2074 ει
1046 2008 1083 2074 in
1096 2008 1164 2075 hoe

90 2138 208 2216 pectus
228 2122 368 2189 mortale
387 2119 550 2205 defluxit3
571 2120 662 2213 quod
687 2144 861 2213 nunquam
883 2124 992 2216 magis
1010 2120 1161 2193 divinum
1192 2144 1220 2194 ιε

90 2257 157 2322 εει,
179 2262 282 2332 quam
299 2236 359 2306 ubi
376 2237 612 2305 mortalitatem
627 2260 720 2305 suam
735 2240 883 2332 cogitat,
901 2255 935 2307 et
947 2242 1030 2322 seit,
1047 2241 1083 2307 in
1096 2241 1164 2309 hoc

91 2370 207 2422 natum
222 2351 416 2431 hominem,
433 2366 472 2418 ut
489 2351 560 2418 vita
573 2348 837 2444 defungeretur3
856 2376 920 2421 nec
938 2352 1074 2420 domum
1089 2376 1163 2421 esse

92 2472 156 2540 hoe
171 2492 316 2562 oorpos,
335 2467 395 2536 sed
413 2464 617 2559 hospitium,
636 2482 670 2533 et
684 2467 823 2558 quidem
836 2467 941 2535 breve
958 2468 1160 2561 hospitium,

96 2588 185 2680 quod
197 2583 462 2678 relinquendum
473 2597 541 2664 εει,
553 2583 613 2651 obi
623 2598 657 2651 te
667 2606 802 2677 gravem
812 2607 885 2653 εεεε
896 2585 1023 2678 hospiti
1030 2585 1159 2656 videas.

137 2705 345 2787 Maximum,
360 2703 519 2794 inquam,
535 2700 580 2768 mi
596 2699 725 2783 Lucili,
737 2716 975 2795 argumentum
989 2719 1041 2770 est
1055 2705 1162 2773 animi

95 2821 135 2889 ab
147 2822 267 2889 altiore
281 2818 361 2887 sede
372 2818 560 2899 venientis,
575 2816 704 2899 sihmo,
721 2818 760 2885 in
774 2816 899 2909 quibus
911 2834 1079 2904 versatur,
1091 2818 1160 2889 ltu-
1214 2832 1218 2840 '

97 2936 185 3004 milia
197 2931 330 3024 judioat
347 2948 381 3002 et
397 2948 562 3027 angusta3
579 2932 608 3001 si
620 2932 713 3001 exire
729 2958 800 3002 non
815 2935 947 3003 metuit.
963 2936 1035 3004 scit
1048 2935 1158 3019 enim,

96 3078 160 3145 quo
175 3052 326 3122 esittirus
339 3053 398 3135 sit,
416 3052 495 3143 qui,
511 3048 603 3118 unde
617 3052 768 3135 venerit,
787 3053 953 3119 meminit.
971 3055 1046 3120 Non
1061 3053 1159 3122 vide-
1186 3082 1216 3135 ro

95 3296 432 3371 l,4,1sq.sd.Lips.ibiq.
445 3308 497 3347 not.
510 3296 596 3348 Book.
679 3296 704 3347 3.
723 3296 757 3347 Io
772 3296 818 3351 doc
833 3300 892 3365 t'pso
907 3318 1032 3353 navemus
1044 3318 1159 3370 operam.

126 3400 147 3431 ι.
160 3382 245 3435 Civem
260 3396 316 3431 esse
327 3395 355 3429 se
365 3378 477 3429 universi
492 3384 516 3427 el
525 3379 598 3429 mili·
648 3372 794 3427 Pronomen
803 3375 848 3429 doc
856 3388 922 3429 reete
931 3376 1057 3447 adjectum
1068 3379 1159 3433 dedero

95 3466 142 3508 tarn
153 3459 272 3523 credens,
286 3468 332 3507 etc.
344 3454 487 3526 Respexisse
500 3452 597 3509 videtur
645 3472 672 3503 a.
683 3450 718 3505 R.
728 3465 753 3504 et
764 3453 866 3505 Gruteri
876 3454 934 3506 tod-
942 3454 1025 3509 Schts.

95 3532 231 3599 Socratem,
245 3552 323 3604 quem
342 3552 396 3585 non
415 3532 598 3587 Atheniensem
679 3534 703 3599 d.
724 3532 801 3587 Fecit
817 3537 908 3587 multis
929 3538 1083 3589 intellectum
1105 3544 1157 3591 sui.

95 3628 119 3663 se
134 3630 182 3664 esse
198 3611 287 3665 dixisse
303 3622 413 3676 constat,
426 3610 470 3662 sed
483 3612 597 3665 mnnds-
646 3604 739 3663 Multis
750 3609 840 3662 virtute
856 3630 900 3664 sna
916 3611 1027 3665 innotuit
1041 3625 1066 3665 ει
1078 3612 1158 3667 clarus

97 3707 168 3752 num,
182 3702 204 3742 at
218 3710 244 3743 sa
259 3708 316 3747 enm
331 3686 409 3739 milio
424 3706 596 3762 comparasset
645 3689 724 3741 fustus
742 3698 786 3739 est·
805 3689 1048 3742 liuha-seilicet
1060 3711 1090 3743 εο
1102 3693 1157 3745 viso

95 3769 158 3821 unde
172 3768 223 3823 ltaec
237 3766 389 3841 comparatio
400 3778 484 3839 postes
496 3767 527 3818 sd
541 3760 598 3839 Cy·
646 3766 719 3819 multi
731 3766 908 3820 intellexerunt
919 3768 983 3837 quid
994 3782 1057 3821 esset
1069 3770 1156 3822 virtus.

95 3846 160 3901 nicos
168 3849 313 3918 Stoicosqna
323 3846 431 3899 devenit.
440 3846 549 3919 Egregia
557 3846 596 3917 hig
679 3846 702 3895 5.
715 3844 854 3895 Humanis
869 3844 1022 3912 divinisque.
1035 3846 1120 3916 Vulgo
1132 3860 1158 3899 et

97 3944 148 3977 osus
164 3940 198 3979 est
213 3926 339 3999 Epictetus
354 3923 380 3975 in
400 3922 505 3976 Dissert.
522 3926 546 3987 1,
564 3942 594 3994 9,
644 3922 769 3973 haimonis
791 3923 953 3989 divinoque,
975 3935 1155 3995 nonunquam

96 4001 134 4055 tbi
145 4006 175 4057 of.
184 4004 276 4077 llpton.
287 4001 377 4055 liudd-
643 4020 669 4049 a.
682 4018 703 4050 c.
715 3998 751 4049 R.
762 4000 796 4050 A.
806 3997 887 4051 seha.

124 4101 145 4131 ε.
157 4081 210 4135 Sed
219 4085 297 4151 qumi
308 4082 455 4149 delegatum
467 4079 523 4129 se'bi.
532 4079 595 4131 Ver·
676 4076 700 4127 6.
705 4074 756 4128 En·
761 4095 817 4143 quo
821 4094 886 4144 pars
893 4078 1018 4141 estolae,
1026 4092 1070 4131 etc.
1079 4081 1155 4133 Stoi-

95 4158 122 4209 tit
130 4159 277 4231 Lnga-ange:
292 4157 363 4210 tlats
372 4174 469 4211 comme
478 4174 513 4208 un
521 4158 596 4208 ordre
644 4153 1154 4227 corumhoeosstopini0‚animosnostros

96 4240 136 4304 qm·
143 4240 181 4291 lm·
189 4242 250 4292 e'tais
260 4238 373 4291 ads-essi.
645 4250 672 4283 ox
679 4230 724 4283 illo
734 4231 823 4282 divino
832 4231 953 4284 delibatos
961 4252 1022 4286 esss-
1032 4235 1098 4289 Vide
1106 4257 1155 4289 no-

205 4338 263 4403 IV.
961 4350 1003 4397 ar
