2950 4934
314 486 377 564 μω
540 441 546 450 ’
606 481 1091 586 saunarsnnncn
1145 429 1146 432 Ὺ

311 613 438 682 ducta?
454 637 559 704 quare
572 613 655 680 alias
669 599 787 680 sensus
799 607 962 698 audaces,
980 629 1014 680 ct
1028 612 1131 680 fidem
1145 616 1272 707 egressi
1284 665 1292 696 ,
1309 615 1381 708 pln-

310 731 462 813 cuerint3
491 729 573 797 alias
596 728 771 821 abruptae¹
802 730 999 813 seutentiae,
1026 745 1061 797 et
1081 731 1320 824 suspiciosae',
1346 731 1381 798 iu

310 846 435 938 quib'us
444 844 520 938 plus
533 842 791 938 intelligendum
802 839 916 927 cased,
926 846 1240 938 quamaudiendum
1251 849 1266 914 Ρ
1277 871 1381 940 quare

311 965 426 1056 aliqua
445 979 524 1041 aetas
540 963 663 1044 fuerit,
684 986 759 1053 quas
774 963 1004 1030 translationis
1017 963 1098 1056 jure
1115 981 1269 1033 uteretur
1286 966 1382 1032 inve-

270 1104 285 1140 ι
312 1071 671 1162 recundei-Hocl,
692 1065 784 1168 quod
804 1078 923 1146 audire
942 1079 1043 1170 vulgo
1061 1071 1166 1162 soles,
1182 1079 1274 1173 quod
1292 1079 1381 1172 apud

312 1195 449 1262 Groecos
473 1196 509 1262 in
530 1193 747 1286 proverbium
771 1195 898 1261 cessit:
927 1223 943 1260 u
964 1189 1080 1262 Talis⁵
1103 1195 1299 1262 hominibus
1322 1195 1385 1261 luit

313 1311 440 1388 oratio,
462 1309 572 1400 qualis
593 1310 673 1375 vita.
691 1303 1021 1400 »Quemadmodum
1039 1295 1152 1378 autem
1167 1310 1385 1402 uniuscujus-

313 1427 475 1518 queactio
490 1424 617 1492 dicenti
631 1422 751 1491 similis
761 1439 812 1492 est
823 1419 850 1506 ⁶,
869 1427 917 1492 sic
931 1450 1038 1518 genus
1048 1425 1184 1494 dicendi
1200 1425 1383 1517 aliquando

313 1546 466 1612 imitatur
478 1541 632 1635 publicos
642 1563 765 1608 mores.
778 1543 812 1608 Si
828 1541 1008 1634 disciplina
1020 1545 1030 1588 ⁷
1043 1543 1188 1610 civitatis
1197 1541 1381 1624 laboravit,

313 1671 399 1724 etse
414 1656 449 1722 in
462 1653 602 1724 delicias
617 1653 731 1742 dedit3
745 1671 982 1746 argumentum
999 1671 1049 1740 est
1062 1655 1204 1724 luxurioe
1219 1655 1367 1748 publicae
1375 1705 1385 1737 ,

314 1774 477 1841 orationis
496 1771 657 1841 lascivia:
673 1774 702 1840 si
718 1771 817 1840 modo
830 1795 898 1840 non
917 1774 953 1839 iu
968 1796 1036 1840 uno
1055 1790 1114 1841 aut
1127 1774 1162 1840 in
1176 1773 1283 1841 altero
1302 1773 1384 1852 fuit,

313 1891 374 1959 sed
391 1887 579 1984 approbata
596 1905 694 1957 estet
712 1906 860 1986 recepta.
881 1891 956 1956 Non
971 1905 1082 1982 potest
1098 1888 1185 1957 alius
1203 1913 1275 1956 esse
1292 1890 1390 1983 iuge-

272 2013 288 2068 3
313 2007 370 2074 uio
381 2001 413 2090 ⁸,
429 2005 515 2074 alius
531 2007 644 2072 animo
659 2007 766 2074 color.
788 2007 824 2074 Si
842 2006 901 2072 ille
917 2029 1018 2074 sanus
1033 2022 1101 2088 est,
1118 2007 1148 2072 si
1162 2005 1387 2098 compositus,

316 2123 448 2216 gravis,
466 2139 677 2214 temperans3
698 2123 873 2214 ingenium
892 2145 1028 2213 quoque
1046 2123 1171 2189 siccum
1186 2137 1226 2188 ao
1239 2121 1388 2188 sobrium

315 2255 367 2308 est
384 2265 392 2306 ι
414 2239 473 2305 illo
487 2239 622 2318 vitiato,
645 2238 712 2305 hoc
726 2263 863 2330 quoque
880 2237 1027 2306 afllatur.
1052 2239 1128 2320 Nou
1142 2237 1255 2318 vides,
1274 2239 1303 2305 si
1316 2237 1391 2306 ani-

316 2379 391 2424 mus
408 2355 578 2446 elanguit,
600 2353 691 2421 trahi
705 2354 856 2422 membra
866 2403 877 2438 ‚
902 2370 936 2421 et
955 2355 1054 2446 pigre
1069 2355 1197 2421 moveri
1218 2353 1348 2446 pedes?
1364 2354 1392 2419 si

317 2469 377 2537 ille
393 2468 605 2537 effeminatus
619 2484 687 2552 est,
710 2469 746 2534 iu
764 2469 838 2569 ipso
858 2469 991 2534 incessu
1011 2489 1176 2560 apparere
1191 2465 1394 2536 mollitiem?

318 2690 440 2743 orationis
453 2707 509 2759 qua
522 2686 594 2752 fluit,
608 2701 634 2739 et
644 2690 758 2752 canticis,
771 2705 831 2759 par·
912 2688 936 2738 o.
954 2687 1031 2740 Actio
1050 2690 1144 2751 dicenti
1162 2691 1261 2741 similis
1279 2700 1327 2742 est.
1343 2690 1394 2741 lut.

317 2769 384 2823 tibus
403 2764 521 2818 dramatis
532 2764 579 2816 uni
592 2784 704 2835 personae
718 2764 832 2836 assigna·
880 2764 989 2818 actiones
1012 2765 1106 2818 similes
1133 2776 1192 2818 sunt
1214 2768 1394 2826 sermonibus;

318 2846 367 2911 tis,
377 2844 467 2897 similis
481 2855 526 2895 est.
536 2843 627 2894 Rata.
881 2862 911 2896 eo
923 2863 997 2895 sensa
1008 2881 1015 2907 ‚
1028 2856 1057 2896 ut
1066 2844 1157 2898 iisdem
1168 2844 1236 2896 vitiis
1250 2865 1335 2898 sermo
1347 2847 1396 2896 liu·

354 2942 375 2975 t.
392 2925 521 2991 Abrupta·
548 2923 685 2973 sententia.
715 2919 831 2988 Quarum
880 2919 978 2974 minum
992 2921 1330 2994 inficiatur,quibuseorum
1342 2946 1397 2978 mc-

319 3021 406 3056 ecnsus
418 3020 471 3053 non
484 3011 519 3052 est
528 2999 601 3070 plene
613 3017 755 3070 expressus,
770 2997 833 3067 qui-
882 3021 920 3054 res
934 3000 1057 3064 laborant.¹

320 3083 368 3134 bus
379 3082 456 3133 verba
468 3080 586 3150 quadam
598 3091 734 3150 exspectata
749 3079 833 3131 deesse
917 3098 939 3146 7.
956 3077 987 3130 Si
1006 3079 1159 3148 disciplina,
1179 3090 1224 3130 etc.
1240 3077 1342 3132 Rectius
1358 3081 1398 3131 sic

320 3159 450 3212 videntur.
464 3161 468 3170 '
883 3155 1052 3228 distinguetur
1067 3156 1147 3209 oratio
1157 3175 1163 3208 :
1175 3158 1301 3210 imitatur
1310 3159 1401 3227 patti-

356 3259 379 3290 α.
388 3238 553 3304 Suspiciosus.
563 3236 677 3303 Quarum
685 3254 787 3286 sensum
796 3251 835 3285 su·
882 3251 925 3284 cos
935 3235 1070 3296 mares‚·'si
1078 3233 1242 3302 disciplina...
1251 3237 1279 3285 in
1288 3237 1401 3286 delicias

322 3318 448 3391 spicamur
459 3315 541 3384 magis
554 3335 647 3384 ‚quam
660 3314 834 3382 intelligimus.
883 3313 961 3362 dedit.
972 3314 1209 3380 Argumentum...
1223 3313 1354 3376 lascivia‚·
1374 3315 1403 3363 si

324 3395 423 3448 Gallice
445 3393 521 3445 vertit
544 3391 651 3444 feliciter
672 3390 833 3459 Lagmnge:
884 3389 976 3450 modo,
991 3399 1037 3438 ete.
1052 3385 1133 3440 Scio.

323 3474 535 3542 Enfgmaciques,
918 3467 942 3516 8.
957 3465 1074 3533 Ingenio.
1092 3459 1220 3515 Facultate
1240 3464 1332 3516 mentis
1347 3485 1404 3534 qua

357 3553 380 3605 3.
391 3552 477 3604 Esset.
485 3551 529 3606 Sic
539 3549 652 3624 presbent
659 3569 685 3601 a.
693 3568 714 3602 c.
723 3551 758 3602 A.
765 3548 835 3608 Vol,-
884 3545 986 3616 repertis
992 3543 1402 3618 acceptisqneutimurcogitando,

324 3639 413 3703 guest
426 3627 507 3682 Schw.
885 3625 1039 3698 judicando,
1050 3624 1228 3678 concludendo
1241 3641 1249 3676 t
1260 3628 1351 3678 anicio
1365 3625 1404 3678 ele

356 3705 380 3771 4.
390 3703 457 3758 Hoc.
468 3701 595 3766 Nomine,
608 3702 626 3754 i.
635 3715 773 3774 propterea.
784 3697 819 3752 R.
884 3701 1012 3756 voluntate
1023 3742 1030 3770 ‚
1052 3703 1268 3756 inclinationibus.
1288 3704 1405 3756 Diverso

355 3787 380 3836 5.
393 3783 494 3837 Talis...
502 3787 568 3835 vita.
582 3782 679 3856 Lipsius
691 3782 776 3834 laudat
789 3781 837 3833 So·
884 3781 961 3838 modo
970 3781 1080 3850 Quintil.
1088 3781 1121 3845 X,
1133 3801 1154 3848 1,
1163 3781 1222 3834 ¹30:
1232 3779 1333 3833 avelles
1341 3801 1406 3832 eum

323 3861 391 3921 lonis
398 3861 493 3914 dietum
503 3875 574 3914 retus
582 3881 623 3933 ap.
632 3861 745 3931 Diogen.
754 3862 834 3912 Laert.
887 3863 896 3924 l
905 3879 938 3912 sc.
957 3859 1094 3926 Senecam)
1109 3879 1154 3912 suo
1168 3859 1274 3934 ingenia
1290 3859 1385 3912 dixisse
1395 3897 1405 3921 ,

324 3943 351 4004 l,
362 3945 395 4011 59
405 3941 449 3992 ubi
458 3945 489 3993 cl.
498 3942 601 4010 Meuag.
612 3942 651 3991 τὶν
662 3939 835 4003 ls'yoreldolos
882 3939 967 3990 alieno
977 3939 1080 4010 juditio.
1090 3961 1102 3984 υ
1119 3939 1193 3991 Cont.
1204 3939 1313 4007 Quintil.
1326 3940 1353 4002 l,
1365 3941 1383 3990 3
1395 3981 1404 4004 ,

325 4119 377 4161 μς,
391 4103 500 4157 τοιοῦτος
514 4097 528 4145 ὁ
541 4096 637 4164 aphec.
650 4091 836 4145 tt-Nosuas
883 4097 995 4164 magis...
1001 4101 1067 4164 petit
1077 4115 1084 4147 .·
1095 4092 1162 4148 unde
1176 4095 1270 4166 liquet,
1281 4096 1408 4148 animum

325 4173 431 4242 Buffcn
440 4173 529 4225 iisdem
543 4176 594 4225 lere
604 4173 687 4224 verbis
699 4192 706 4222 ι
720 4169 760 4224 lc
769 4175 836 4241 style
883 4173 953 4226 illem
969 4174 1113 4226 facultatem
1127 4171 1219 4226 mentis
1236 4167 1383 4244 significare
1397 4213 1407 4235 ‚

326 4251 501 4311 estl'ltarm.
510 4252 595 4315 (Disc-
605 4251 693 4304 terte.
702 4254 717 4301 'a
725 4251 836 4318 l’Acad.)
883 4269 933 4320 que
944 4249 1061 4324 notiones
1070 4251 1225 4322 accipiantur
1238 4251 1410 4304 formentur-
