2950 4934
402 483 673 564 EPISTOLA
697 496 779 564 XC.
1088 499 1132 567 25

62 625 146 691 viros
157 618 301 690 duloedo
316 625 486 692 orationis
498 623 776 696 abducutsvero.
792 628 881 695 Eece
896 623 1131 714 ¹Posidonius,
1147 639 1152 647 '
1174 645 1186 661 ·

64 733 114 830 (ut
129 760 199 804 mes
215 735 283 805 fert
300 738 423 830 opinio
432 789 443 825 ‚
466 763 505 808 ex
526 739 600 809 bis²
617 742 677 834 qui
698 741 885 835 plurimum
907 742 1135 838 pbilosophis

65 851 309 942 contuleruut),
334 852 418 923 dum
432 853 506 924 vult
525 853 720 927 describere
733 861 903 954 primum,
921 861 1138 954 quemadmo-

66 969 140 1036 dum
152 969 218 1036 uiia
239 985 468 1062 torqueantur
481 971 556 1054 fiis,
573 973 639 1040 siis
656 998 699 1042 ex
712 976 806 1045 moiii
820 978 999 1070 solutoque
1013 975 1140 1048 duonu-

67 1105 134 1170 tur3
157 1085 304 1169 deinde,
330 1085 615 1180 quemadmodum
644 1091 711 1160 teis
733 1095 906 1188 suspensis
927 1093 1140 1189 ponderibus
1165 1129 1196 1164 ao
1266 1121 1269 1128 ·

67 1215 190 1268 rectum
201 1215 334 1268 stamen
347 1201 524 1289 extendat,
541 1203 825 1295 quemadmodum
841 1207 1020 1277 subtemen
1032 1210 1141 1279 inser-

68 1336 153 1400 tum,
173 1316 269 1410 quod
287 1316 449 1387 duritiam
474 1321 647 1415 utrimque
669 1326 926 1418 comprimentis
950 1340 1068 1394 trumse
1088 1350 1143 1395 re·

69 1434 209 1517 molliat,
230 1434 351 1528 spatha
370 1436 464 1504 coire
482 1454 624 1530 cogatur
638 1453 674 1508 et
681 1439 806 1536 jungi3
822 1433 984 1510 textrini³
1003 1467 1142 1536 quoque

70 1567 169 1620 artem
186 1577 208 1620 a
228 1553 441 1646 sapientibus
458 1552 545 1626 dixit
566 1558 761 1641 inventam,
785 1557 933 1642 oblitus,
955 1576 1072 1653 postes
1089 1584 1143 1630 re·

71 1687 203 1762 pertum
222 1667 291 1738 hoo
307 1668 467 1740 subtilius
484 1695 592 1764 genus
600 1665 629 1760 ⁴,
649 1675 686 1743 in
708 1699 777 1768 quo

229 1812 293 1865 Teis
304 1812 366 1887 jugo
376 1811 462 1884 juncta
473 1826 524 1877 est,
536 1805 633 1870 sternen
644 1817 753 1871 secernit
760 1817 880 1883 urendos

233 1897 359 1951 Inseritur
369 1898 482 1952 medium
494 1900 571 1954 radiis
580 1901 713 1956 subtemen
724 1902 822 1970 sentis,

233 1980 311 2051 Quod
325 1981 376 2036 leto
387 1981 500 2038 feriunt⁵
512 1984 601 2039 insecti
612 1986 711 2060 pectine
723 1987 820 2042 dentes.

76 2155 119 2228 Ep.
134 2159 179 2224 15,
191 2157 219 2210 6.
231 2159 349 2225 buxum,
362 2157 439 2230 quen'u
448 2160 491 2215 bie
502 2174 584 2228 texat,
634 2165 738 2237 questio
747 2165 859 2240 longiori
871 2165 1035 2240 disputationi
1042 2164 1147 2236 subjice·

76 2247 135 2288 reete
148 2249 226 2308 eepnt
241 2239 361 2296 omniunt
379 2240 471 2292 batum
487 2240 586 2294 insen-
634 2255 714 2305 retur;
724 2242 783 2296 ideo
793 2243 825 2296 ad
835 2245 930 2296 esleern
940 2241 1018 2313 buius
1027 2241 1148 2316 Epistola

77 2313 170 2366 tionum
180 2326 206 2366 et
219 2315 313 2368 artium
324 2316 408 2390 prodit
419 2317 530 2384 Seneca,
540 2319 585 2390 qui
636 2320 817 2393 spplieuimus,
831 2321 957 2374 Excursus
969 2321 1059 2384 titulo,
1076 2330 1147 2372 notes

76 2405 155 2444 temen
176 2393 204 2444 in
223 2394 340 2458 imore,
359 2413 435 2465 quem
446 2395 587 2450 busseris·
636 2419 665 2452 es
679 2398 955 2470 Nostrstislagmoge
968 2399 1086 2452 versione
1103 2419 1147 2452 ex·

76 2491 134 2524 unm
143 2473 237 2526 merito
248 2474 389 2540 verereris,
399 2476 539 2529 usturslem
549 2497 588 2532 re·
637 2487 748 2548 cerptes,
760 2475 852 2547 quibus
861 2475 921 2529 huie
935 2477 992 2530 loeo
1003 2475 1047 2528 lux
1054 2474 1147 2529 clarior

77 2569 129 2602 rum
142 2550 258 2603 indolem
271 2550 436 2624 bsbitumqne
446 2553 586 2620 laudandi,
637 2552 793 2607 admovetur.
803 2553 874 2624 Quas
885 2553 952 2607 vide.

76 2629 177 2681 modurn
188 2629 296 2682 excedit.
306 2629 397 2688 fluet.
672 2653 693 2685 n.
704 2630 755 2685 Ex
763 2633 813 2686 tis.
823 2633 868 2686 sie
876 2653 923 2685 ms.
933 2631 1119 2685 ncnmIbA.
1127 2651 1148 2684 c.

107 2725 129 2758 s.
139 2704 208 2760 Eece
219 2706 409 2760 Posidonius...
424 2709 474 2762 sed
484 2713 587 2786 nultum
638 2709 725 2781 Vulgo
736 2729 805 2762 uuus
817 2730 855 2766 ex
867 2713 910 2762 iis.
921 2708 1003 2764 Sedes.

74 2787 167 2850 pudori
177 2795 225 2837 est.
235 2785 410 2860 Descripseret
419 2786 505 2858 itaque
517 2788 589 2841 Posi·
671 2790 695 2843 3.
709 2790 838 2844 Textrini.
852 2791 927 2843 iisne
939 2789 997 2842 lect.
1007 2789 1070 2842 dent
1080 2788 1150 2840 Pin·-

77 2865 179 2931 donins,
195 2860 329 2938 quomodo
342 2870 458 2939 uliofila
469 2873 549 2938 pluro
561 2874 589 2922 in
639 2867 706 2921 cisni
720 2881 744 2921 et
754 2869 828 2922 Grut.
840 2868 915 2922 codd.
926 2886 1024 2920 omnes.
1036 2866 1151 2920 Textri-

77 2961 154 2994 uoum
172 2954 358 3014 torquentem.
379 2945 490 3019 gyrgiilo
509 2945 589 3000 edhi-
637 2963 696 2997 cum
707 2957 853 3016 receperent
862 2945 913 3016 jem
922 2945 989 3017 Lips.
996 2941 1151 2996 etGroan

77 3019 142 3089 bito,
158 3025 219 3076 alia
232 3041 270 3075 erc
280 3025 357 3076 mulli
364 3027 498 3094 solutoque
510 3025 527 3078 i.
540 3045 561 3078 e.
576 3046 589 3078 e
670 3022 696 3088 4.
709 3023 836 3076 dbbts'lius
849 3041 932 3090 genus
943 3021 1056 3091 textrini,
1072 3022 1150 3074 dere-

78 3101 132 3152 bns
148 3101 284 3168 ducantur,
297 3113 405 3155 neentnr
415 3120 423 3155 t
434 3103 528 3157 deiude
543 3125 590 3160 ex·
638 3101 697 3154 lictu
707 3101 757 3154 tels
766 3100 877 3176 pendula
886 3114 962 3172 etque
971 3114 1051 3166 recte,
1063 3100 1151 3152 iuven·

77 3179 212 3252 piiesverst
234 3181 406 3252 antiquiorem
424 3183 526 3237 texendi
543 3204 589 3238 ar·
638 3192 693 3232 tum
705 3193 755 3247 est,
768 3180 863 3232 scilieet
873 3178 921 3232 tels
932 3179 1008 3253 piene
1017 3199 1036 3230 s.
1046 3176 1150 3248 jugulis,

79 3269 142 3322 tero,
160 3277 239 3329 quum
260 3258 319 3312 teiae
336 3279 357 3312 s.
377 3271 464 3315 names
482 3262 590 3316 stamius
638 3279 715 3331 quem
726 3259 839 3312 versibus
848 3259 925 3312 Ovid.
937 3258 1044 3311 otest!
1056 3258 1105 3324 ,54
1114 3277 1152 3328 sq.

79 3337 175 3404 (Knte)
188 3357 203 3388 s
215 3336 288 3408 ligno
298 3337 444 3390 unnsmisso
455 3358 589 3414 suspense,
639 3357 692 3390 nno
709 3337 777 3390 meis
792 3338 902 3404 omisso,
917 3331 1034 3390 describit
1046 3336 1152 3388 Seneca.

80 3413 185 3485 ideoque
206 3413 239 3466 ad
262 3413 473 3488 perpendiculum
496 3416 591 3470 directe
640 3415 751 3488 Egregie
769 3428 846 3467 totum
866 3415 932 3468 bane
954 3427 1033 3468 ortem
1051 3413 1153 3467 terendi

80 3491 189 3566 lepidum
213 3492 368 3566 ponderibus
389 3493 457 3546 inire
476 3494 592 3568 appensis
640 3505 755 3546 veterum
777 3492 909 3566 explicarit
934 3493 1106 3546 Schneiderus
1124 3493 1153 3545 in

81 3569 288 3634 extenderentur,
308 3583 332 3622 et
342 3571 474 3623 subtemen
489 3571 592 3625 mollins
641 3570 730 3624 Indice
750 3570 855 3623 editioni
874 3589 926 3625 oute
945 3571 1103 3644 Scriptorum
1121 3570 1153 3622 de

82 3649 143 3701 inter
158 3661 248 3704 trsmte
259 3649 368 3702 stamina
381 3649 483 3703 duriore
494 3649 591 3703 immis-
640 3652 673 3704 u.
685 3650 718 3702 R.
732 3649 844 3722 adjecto,
860 3647 907 3702 sub
920 3669 982 3702 voce
997 3649 1071 3711 Telo,
1084 3647 1153 3700 uude

82 3746 133 3778 sum
143 3747 245 3780 sursum
259 3747 347 3782 versus
363 3729 461 3798 spatio
472 3748 490 3781 s.
500 3730 589 3796 redio,
641 3740 864 3791 mutuetussnm,
884 3746 942 3799 qne
963 3725 1072 3780 consilio
1094 3746 1153 3780 meo

84 3824 131 3856 non
141 3806 258 3879 pectine,
275 3805 382 3860 textorio
393 3843 401 3872 ,
412 3825 488 3878 quarn
503 3807 591 3862 textrix
641 3805 816 3859 convenirent.
827 3805 918 3858 Ruit.

85 3903 157 3938 nunu
167 3885 284 3959 regebat,
296 3885 433 3959 impulsum
445 3899 591 3957 pereutere·
675 3887 697 3937 ⁵.
714 3886 834 3938 Feriunt.
853 3882 971 3954 Plerique
987 3882 1073 3956 scripti
1092 3883 1155 3935 dent

86 3973 130 4026 tur,
141 3976 217 4034 stque
232 3963 268 4015 its
278 3963 328 4016 teis
339 3963 493 4036 densareturt
502 3963 592 4017 Ruth.
639 3965 761 4030 pariunt,
771 3981 817 4035 pro
829 3981 880 4032 quo
891 3960 1038 4034 Schweigb.
1048 3960 1154 4032 conjicit

86 4041 179 4092 -Non
191 4041 266 4094 futile
277 4053 315 4093 est
329 4061 359 4093 ex
367 4040 415 4094 bae
426 4039 497 4094 brevi
505 4031 593 4096 Rihk.
639 4046 753 4109 paviunt
762 4041 832 4112 qnod
844 4041 913 4094 idem
923 4041 974 4093 fere
986 4038 1153 4113 siguifiestne

85 4117 326 4190 expiintioueplsne
337 4119 477 4190 intelligere
485 4139 534 4192 qus
544 4139 590 4172 rn-
629 4117 742 4189 feriunt.
753 4119 854 4173 Gallice
867 4119 937 4172 enim
950 4118 1056 4171 vertitur
1067 4135 1074 4170 ε
1085 4117 1154 4170 Bot-

87 4195 150 4248 tione
162 4196 212 4250 teia
223 4198 290 4271 spnd
301 4197 419 4269 antiquos
430 4196 500 4250 iieret
511 4215 517 4250 :
528 4197 589 4250 utile
639 4205 676 4251 Ire
684 4219 754 4266 pour
761 4197 876 4268 oplanis.
887 4197 1000 4270 Scripsi,
1014 4196 1098 4268 inquit
1104 4233 1112 4263 ,
1124 4216 1154 4249 ex

87 4270 159 4344 igitur
168 4274 242 4328 nobis
250 4275 336 4328 risum
344 4286 388 4342 est,
398 4276 419 4329 si
429 4275 589 4331 diffieilisills
640 4276 778 4332 certissima
786 4277 889 4332 Gruteri
898 4277 1005 4348 eonjeet.
1012 4296 1091 4348 quum
1099 4297 1155 4346 pa-
