2950 4934
244 477 508 556 'Pursrou
536 485 791 556 srorcou.
817 446 915 554 im.
940 487 969 552 1.
1090 485 1157 578 ⁵49
1246 431 1249 437 ’

90 629 124 688 ad
137 648 198 686 rom
212 641 381 708 praesentem
394 651 403 700 ;
419 629 462 687 illi
476 649 545 687 vero
560 627 656 687 Deum
669 629 779 709 ubique
793 629 888 692 locant
902 639 930 687 et
946 629 1094 700 inserunt,
1109 639 1158 687 to-

62 781 70 790 .
89 746 146 792 tum
159 736 190 794 iu
202 747 279 809 toto,
295 747 388 794 totum
401 736 433 794 iu
446 735 592 816 partibus,
607 737 790 817 partiumque
804 737 932 817 partibus
947 759 956 794 =
972 757 1062 815 usque
1078 757 1112 794 co
1127 747 1160 796 ut

89 841 231 916 Tatiauus,
247 856 329 902 vetus
337 844 469 924 scriptor,
484 844 592 902 Zenoni
601 845 732 923 objiciat,
748 845 901 923 quodcum
917 845 1001 903 etiam
1013 843 1043 902 in
1056 845 1159 902 cloacis

90 959 117 1005 et
129 947 274 1007 suetudinis
289 952 450 1009 constituat.
469 948 717 1030 Verba(ddvers.
737 949 862 1033 Gentes)
878 975 885 1008 ι
906 979 919 1004 ιι
933 950 971 1009 Et
985 952 1064 1009 Deus
1079 953 1160 1028 juxta

89 1053 227 1114 Zenonem
247 1056 387 1114 malorum
403 1055 495 1115 lactor
511 1059 580 1128 erit,
599 1058 623 1114 si
638 1060 723 1118 etiam
740 1060 769 1116 iu
787 1059 909 1130 cloacis,
928 1071 955 1116 et
975 1059 1157 1130 vermiculis,

89 1172 117 1217 et
128 1158 257 1218 nefandis
273 1161 407 1242 operibus
429 1163 491 1221 aliis
509 1163 577 1220 insit
592 1176 621 1221 et
634 1176 774 1222 versetur.
788 1189 802 1214 ιι
820 1163 882 1222 Tua
898 1165 1000 1234 venia,
1016 1164 1158 1233 Tatiane;

89 1287 139 1347 ego
151 1289 209 1325 nou
222 1267 307 1327 video
321 1267 395 1326 hanc
410 1270 578 1349 sequelam:
595 1271 651 1328 uisi
666 1271 690 1327 si
704 1271 748 1328 vis
762 1291 815 1328 uec
827 1271 936 1330 minuta
947 1271 995 1328 illa
1007 1268 1160 1330 etsordidn

89 1395 104 1430 a
126 1372 187 1432 Deo
206 1387 321 1434 auctore
347 1396 419 1435 esse.
444 1377 554 1456 Atquin
576 1388 604 1434 et
629 1375 762 1436 Clemens
784 1375 994 1435 Alexandrinus
1024 1375 1158 1444 damuut;
1199 1381 1203 1392 '

88 1479 179 1539 Deum
193 1481 255 1540 istis
271 1482 427 1551 inversari.;
445 1494 474 1540 et
490 1505 548 1540 uua
563 1495 674 1542 nostros
690 1505 698 1539 ε
718 1509 732 1534 ιι
744 1481 801 1542 Sed
815 1503 889 1554 nec,
905 1484 998 1562 iuquit
1014 1479 1057 1562 (iu
1074 1481 1163 1542 Paru-

88 1584 215 1666 uetico),
236 1584 342 1646 Stoicos
364 1586 532 1666 praeteribo,
556 1588 606 1667 qui
629 1588 722 1645 Deum
737 1594 795 1666 'per
816 1610 929 1648 omnem
948 1589 1159 1676 salutantium,

89 1693 170 1751 etiam
185 1692 351 1750 vilissimam
367 1692 530 1773 pertingere
545 1693 626 1752 aiunt
638 1715 646 1749 ε
659 1705 688 1750 et
703 1692 787 1752 valde
804 1693 1014 1773 Philosophiam
1029 1692 1163 1752 dehone-

88 1811 171 1858 stant.
186 1825 200 1852 a
218 1798 298 1858 Bono
314 1819 418 1869 sensu,
433 1821 492 1856 uon
511 1810 599 1878 puto;
617 1799 706 1856 immo
721 1798 897 1878 etTheologi
907 1799 1000 1858 Deum
1019 1798 1161 1870 essentia,

88 1907 231 1986 potentia,
253 1905 403 1984 praesentia
422 1904 548 1982 ubique,
578 1916 608 1962 ct
629 1905 661 1962 iu
682 1904 814 1964 omnibus
836 1915 956 1984 ponunt.
977 1903 1163 1983 Dicimusque

89 2009 231 2082 audacter,
248 2031 314 2068 cum
328 2008 455 2068 Arnobio
469 2006 541 2089 (lib.
558 2006 620 2087 Vl)
637 2031 645 2066 z
665 2036 679 2060 ιι
695 2008 845 2090 Proprium
861 2009 913 2067 hoc
929 2008 1002 2080 Dei,
1019 2009 1162 2089 complere

89 2118 181 2174 omnia
190 2116 303 2189 visua,
319 2137 378 2174 uon
388 2115 530 2196 partiliter
539 2117 672 2194 uspiam,
689 2115 740 2174 sed
752 2117 859 2196 ubique
872 2137 932 2174 esse
946 2127 1045 2174 totum.
1059 2141 1073 2167 ιι
1089 2117 1161 2174 Cum

92 2222 266 2281 Damasccuo
286 2243 296 2280 e
319 2249 333 2274 ιι
344 2221 481 2281 Divinum
498 2221 569 2283 illud
585 2223 647 2286 sine
662 2223 833 2302 partitione,
850 2234 941 2280 totum
956 2221 1080 2282 totaliter
1094 2222 1164 2280 uti-

90 2350 143 2408 que
158 2350 239 2401 esse,
257 2341 286 2386 ct
309 2329 339 2386 iu
356 2329 488 2387 omnibus
511 2349 588 2401 esse,
614 2340 642 2386 et
663 2349 749 2408 super
765 2329 860 2404 omnia
876 2349 936 2386 csse
951 2351 958 2396 ;
974 2353 987 2380 a
1005 2328 1165 2407 iterumque

89 2432 150 2514 (lib.
169 2434 202 2507 l,
218 2455 282 2514 cap.
304 2429 352 2514 16)
368 2457 376 2492 z
394 2462 408 2486 ιι
422 2434 517 2493 Deum
528 2435 623 2492 omnia
635 2435 773 2515 implere,
792 2447 820 2492 et
832 2457 920 2514 super
930 2435 1025 2494 omnia
1041 2455 1118 2506 esse,
1137 2446 1165 2492 et

89 2541 182 2599 omnia
197 2541 354 2600 continere.
370 2567 384 2592 ιι
406 2539 475 2613 Quae
490 2541 659 2641 verbapatis
675 2542 769 2621 palam
785 2540 900 2612 dicunt,
918 2541 995 2620 quod
1013 2553 1040 2598 et
1055 2540 1160 2612 Stoici,

89 2647 167 2706 illum
183 2674 198 2700 ιι
211 2649 287 2707 intra
302 2660 330 2708 et
345 2660 426 2706 extra
434 2661 523 2706 'suum
538 2669 609 2728 opus
624 2668 696 2706 esse.
710 2673 723 2700 a
737 2645 887 2720 Quomodo
898 2646 996 2706 extra?
1010 2647 1039 2704 in
1050 2647 1161 2720 Vacuo,

89 2753 165 2834 quod
179 2756 269 2814 nostri
284 2767 410 2834 ponunt,
428 2754 538 2817 iuloeo
554 2753 719 2812 dicendum.
731 2753 784 2812 Vis
799 2753 889 2833 magis
904 2773 961 2810 uon
977 2763 1094 2831 argute,
1112 2751 1163 2810 sed
1219 2790 1221 2796 ι

88 2881 155 2918 vere
171 2861 310 2920 efferam?
326 2859 404 2920 Deus
418 2873 462 2919 est
477 2863 539 2941 ipse
554 2861 712 2920 sibi-locus.
730 2857 806 2918 Ecce
820 2871 886 2918 aute
901 2857 1044 2918 Mundum
1059 2858 1164 2917 condi-

89 2978 166 3040 tum,
183 2989 274 3047 quum
297 2965 369 3027 nihil
391 2978 481 3038 esset,
504 2967 554 3024 ubi
576 2966 655 3025 Deus
672 2965 753 3025 erat?
770 2964 846 3046 apud
864 2985 915 3037 se,
938 2977 967 3024 et
983 2965 1069 3022 inse.
1087 2964 1164 3037 Quid

90 3073 205 3132 minen?
221 3093 317 3131 nonne
343 3073 429 3130 etiam
450 3073 568 3153 signate,
584 3074 613 3130 in
638 3072 712 3130 Caelo
735 3093 796 3130 esse
817 3071 932 3142 dicitur,
949 3082 981 3128 ut
1003 3091 1054 3130 sua
1073 3069 1162 3130 sede?

89 3179 212 3254 Dicitur,
231 3193 260 3239 et
272 3181 348 3240 bono
362 3201 470 3261 suoque
485 3191 581 3240 seusu.
598 3181 791 3240 Damascenus
808 3203 816 3237 a
834 3205 847 3232 ιι
858 3180 970 3238 Dicitur
980 3190 1008 3236 et
1019 3179 1072 3238 Dei
1083 3179 1162 3240 locus

90 3289 137 3347 uti
154 3287 353 3348 manifestatur
366 3290 456 3369 magis
470 3290 598 3368 operatio
613 3290 673 3366 ejus
690 3300 719 3346 et
732 3287 840 3370 gratia,
857 3299 885 3346 et
898 3285 997 3368 gloria.
1010 3311 1024 3338 ιι
1037 3285 1106 3346 Tale
1121 3297 1164 3344 est

90 3394 212 3468 Caelum,
229 3395 279 3453 ubi
293 3395 370 3454 beati
385 3395 427 3452 illi
442 3394 581 3475 Spiritus,
599 3395 649 3453 ubi
664 3395 812 3453 beatorum
829 3395 949 3464 auimae3
972 3405 1001 3452 et
1014 3394 1091 3452 velut
1106 3415 1162 3452 cu-

90 3501 202 3574 mulus,
218 3512 247 3559 ct
260 3500 405 3580 splendor,
422 3502 586 3579 majestatis.
600 3500 708 3560 lterum
719 3501 912 3560 Damasceuus
928 3524 937 3559 a
956 3527 969 3553 ιι
983 3500 1096 3558 Dicitur
1106 3499 1162 3558 Dei

89 3605 184 3678 locus,
201 3607 252 3685 qui
266 3606 421 3685 plurimum
437 3608 499 3685 ejus
513 3607 684 3686 operationis
700 3608 852 3687 participat
867 3619 896 3666 et
911 3608 1027 3689 gratiae:
1045 3607 1165 3684 ideoque

90 3711 198 3770 Caelum
213 3712 241 3769 ci
256 3711 377 3770 sedes.»
395 3711 454 3771 Nec
468 3713 566 3792 inepta
583 3714 793 3792 comparatione
806 3712 968 3773 Lactantius
983 3710 1045 3790 (De
1060 3710 1163 3791 Opilio.
1224 3740 1229 3750 ·

90 3819 163 3889 Dei,
182 3839 247 3898 cap.
268 3816 324 3898 15)
341 3841 348 3875 a
367 3817 521 3878 «Videtur
535 3818 638 3891 Meus,
655 3841 717 3899 quae
733 3819 910 3886 dominatum
927 3819 1053 3900 corporis
1067 3830 1163 3890 tenet,

89 3924 120 3982 in
136 3945 249 3982 summo
267 3925 360 4003 capite
376 3924 547 3996 constituta,
570 3937 715 4004 tamquam
736 3927 766 3982 in
793 3925 860 3982 calo
883 3925 973 4006 Deus.
988 3949 1003 3976 ι»
1021 3923 1073 3982 Est
1088 3925 1164 3982 euim

92 4032 199 4111 etipse
214 4029 333 4100 Stoicis,
349 4029 433 4088 Meus
446 4030 561 4090 Mundi.
578 4029 643 4104 Quo
655 4043 772 4111 aspectu
787 4030 892 4090 Statius
907 4029 1009 4090 docte:

258 4150 346 4200 mecm
355 4147 419 4198 ltanc
431 4155 561 4210 aeternam,
573 4150 662 4198 mentis
672 4149 775 4198 amaria
787 4154 881 4198 nostrae.
896 4149 948 4216 (111
958 4149 1051 4218 Theb.)

92 4249 132 4314 Et
148 4249 256 4314 Galum
270 4273 374 4334 nempe
387 4253 428 4312 sic
442 4263 524 4312 vocat
538 4252 599 4332 ipsc
615 4251 739 4331 Jupiter,
755 4253 804 4312 ubi
820 4255 967 4334 ἡγεμονικόν
979 4253 1050 4314 illud
1062 4278 1070 4326 ;
1082 4276 1177 4336 supra
