2950 4934
218 493 465 566 naasion.
491 494 744 601 sroicoa.
770 496 867 566 ma.
893 500 971 567 111.
1065 504 1132 599 ⁶7³

64 663 137 703 mom
154 661 213 723 qus
231 662 470 723 progeneramus,
492 652 621 702 octavam
641 664 698 723 qua
712 662 812 701 vocem
827 643 993 703 emittimus.
1010 670 1024 697 a
1042 644 1134 729 Cogi-
1170 658 1172 663 “

63 747 140 808 tandi
160 746 248 807 verbo
269 748 301 806 in
321 750 453 829 loymraqi
467 749 557 809 utitur
572 772 581 807 z
598 749 666 829 quin
681 749 797 830 proprie
814 746 922 809 Latinis
940 748 1069 828 Cogi'lm
1092 766 1136 814 est

64 855 145 937 plura
166 856 197 914 io
210 876 301 915 unum
315 875 418 937 cogere
434 866 464 915 et
484 854 565 915 velut
585 856 773 915 ratiocinari:
790 866 820 915 et
837 853 994 935 Cogitatio,
1014 860 1133 935 διάνοια,
1194 852 1197 865 ’

64 984 122 1024 non
133 961 225 1021 solum
235 964 330 1043 stupu.
344 961 492 1043 Amplius,
511 989 525 1015 ι
536 960 572 1021 ln
588 961 688 1023 decem
698 962 776 1044 apud
787 963 926 1045 quosdam
936 962 1104 1028 Stoicorum.
1117 994 1132 1021 a

65 1068 141 1145 Quos
159 1069 247 1131 eredo
267 1068 428 1142 addidisse,
448 1094 462 1122 s
474 1068 578 1129 Alendi
599 1082 629 1129 ct
648 1068 786 1130 Morendi
804 1070 873 1129 vim.
891 1070 1056 1154 »Denique
1074 1100 1089 1129 e
1103 1076 1134 1136 in

65 1174 134 1237 duas
147 1176 269 1258 amplius
288 1174 365 1256 opud
386 1174 609 1235 Posidonium.»
625 1175 694 1250 Quae
708 1176 785 1252 ista,
804 1178 900 1237 nescio
916 1182 928 1236 i
941 1180 1070 1259 suspicor
1085 1194 1135 1242 ta-

64 1306 129 1344 meo
151 1282 295 1343 addidisse
322 1282 533 1355 «laromam,
551 1295 580 1342 et
594 1283 850 1365 concupiscentem
865 1310 879 1337 o
901 1308 910 1346 a
929 1298 1016 1367 atque
1031 1289 1072 1348 ita
1096 1290 1133 1349 ud

64 1412 129 1451 cum
139 1412 291 1450 nnmerum
301 1390 425 1450 venisse.
437 1389 472 1449 ln
481 1388 590 1450 Seneca
600 1402 697 1451 nostm
707 1370 809 1451 divisio
817 1405 859 1452 est
870 1392 941 1453 nulli
950 1390 1052 1453 barum
1061 1416 1134 1455 con-

63 1518 152 1571 sono,
168 1496 219 1557 sed
233 1496 369 1556 miscello.
389 1494 436 1554 ild
451 1494 592 1555 Lucilium
604 1518 689 1556 sunm
710 1494 822 1579 (Epist.
845 1497 946 1581 xc11):
965 1526 979 1553 a
991 1499 1071 1561 Inter
1087 1523 1134 1562 me

64 1616 149 1685 teque
163 1604 331 1677 conveniat,
347 1605 378 1662 in
395 1603 500 1662 Animo
515 1624 577 1663 esse
590 1615 685 1684 partes
703 1604 864 1678 ministras,
880 1627 934 1686 per
947 1626 1017 1686 quas
1031 1606 1134 1668 Move·

63 1732 145 1783 mur,
169 1708 358 1789 Alimurque,
381 1722 497 1791 propter
519 1710 613 1790 ipsum
634 1708 795 1791 Principale
811 1711 893 1771 nobis
915 1711 1004 1771 datas.
1025 1711 1060 1773 In
1079 1713 1134 1773 hoc

63 1815 218 1895 Principoli
232 1826 275 1874 est
288 1813 397 1896 aliquid
413 1814 599 1887 irrationale,
614 1826 645 1875 et
656 1814 818 1875 Rationale.
835 1815 912 1876 Illud
926 1817 993 1879 huic
1005 1821 1101 1880 servit.
1118 1847 1131 1875 a

62 1919 102 1980 Et
117 1931 182 2001 post
195 1942 287 2002 pauca
303 1943 311 1979 a
330 1946 343 1973 u
358 1921 531 1980 Inrationalis
544 1941 610 2002 pars
624 1921 720 1980 Animi
738 1921 809 1981 duas
826 1921 913 1983 babet
931 1936 1042 2006 purtes;
1058 1926 1135 1986 ulte-
1206 1910 1213 1927 ⁵

61 2048 126 2087 ram
145 2026 322 2099 ammosum,
340 2016 536 2099 ambitiosam,
557 2027 757 2108 impotentem,
779 2028 901 2109 positam
917 2030 947 2087 in
967 2030 1135 2092 affectioni-

60 2135 133 2204 bns3
149 2133 266 2192 alteram
279 2131 437 2205 humilem,
453 2132 637 2214 languidam,
657 2132 859 2213 Voluptatibus
877 2134 1012 2197 deditam.
1028 2163 1042 2190 u
1059 2136 1135 2199 Ecce

59 2252 175 2321 septem
197 2239 241 2299 bae
264 2252 331 2299 sunt
346 2251 458 2320 partes,
481 2238 660 2314 «Moveodi,
687 2238 809 2314 Alendi,
835 2241 1052 2313 Ratiocinandi;
1072 2257 1134 2305 turn

59 2347 235 2416 Rationalis,
252 2344 427 2405 lrrationolis
436 2372 450 2398 u
463 2369 472 2404 ε
485 2347 645 2427 iterumque
659 2345 712 2406 sub
722 2348 793 2421 ista,
808 2374 822 2401 u
836 2347 981 2422 hossene,
992 2351 1136 2432 Cupiens-

60 2476 132 2536 que.
144 2480 159 2507 s
175 2453 232 2514 Sed
247 2453 318 2534 quid
330 2455 370 2513 itu
383 2452 453 2512 duas
469 2466 563 2534 partes
578 2454 722 2515 ministras
742 2455 888 2529 nominat,
909 2482 922 2509 α
934 2455 1088 2532 Movendi,
1105 2471 1135 2518 et

58 2560 188 2621 silendi?
201 2587 215 2614 u
231 2561 296 2620 Non
312 2572 356 2620 est
368 2558 517 2620 Stoicum:
538 2573 625 2641 atquc
649 2558 721 2619 adeo
745 2562 775 2619 in
797 2573 898 2623 octona
921 2562 968 2622 illa
993 2563 1133 2624 divisione

58 2680 165 2728 neutra
177 2668 279 2727 borum
292 2666 393 2727 infero.
409 2664 465 2728 Sed
480 2667 567 2726 credo
581 2666 669 2741 ulios,
688 2679 720 2726 ut
734 2668 834 2749 tetigi,
852 2666 953 2727 fecisse
965 2692 973 2729 a
987 2681 1015 2729 et
1026 2668 1134 2733 Seneca

57 2776 154 2835 obiter
166 2797 260 2849 nime,
277 2786 306 2835 et
318 2787 351 2834 ut
367 2775 398 2835 in
415 2774 578 2855 exemplum
595 2774 739 2847 nominat,
756 2774 818 2833 aliis
829 2776 949 2834 omissis.
964 2774 1023 2835 Cur
1037 2790 1132 2837 nutem

57 2880 149 2941 Stoici
165 2902 223 2940 non
236 2882 425 2953 inseruerint,
435 2892 511 2962 >puto
526 2879 648 2951 lactum,
671 2878 749 2961 quod
764 2878 876 2941 Naturae
895 2882 962 2941 istas
978 2894 1006 2944 et
1024 2883 1132 2943 viribus

54 2987 182 3049 Seminis
194 2988 373 3061 tribuebant,
389 2987 426 3046 ab
438 2987 542 3046 Animo
554 2986 756 3068 abjungebant.
773 2986 914 3048 Ministue
929 3002 1023 3051 autem
1037 3004 1132 3073 partes

56 3094 137 3153 bene
152 3096 182 3153 in
197 3095 281 3153 bonis
293 3094 374 3153 libris
393 3094 569 3167 scribuntur,
584 3114 642 3153 non
652 3094 746 3155 meite
752 3114 765 3167 ,·
776 3096 860 3175 quia,
873 3106 905 3154 ut
921 3096 977 3170 ait,
990 3096 1027 3156 ob
1038 3097 1132 3180 ipsum

57 3200 224 3281 Principale
237 3213 304 3260 sunt
322 3200 402 3260 datae.
422 3199 466 3260 lta
482 3199 588 3275 Stoici,
604 3200 681 3282 apud
696 3200 858 3261 Stobaeuma
876 3230 889 3255 u
903 3201 1064 3285 Principale
1078 3206 1136 3265 im-

56 3309 262 3389 perantisvicc
277 3308 374 3390 longi,
390 3308 513 3389 reliquas
531 3309 560 3366 in
576 3308 698 3368 ministri
711 3309 775 3367 loco
792 3330 935 3390 quomque
951 3308 1131 3371 ducebant.»

55 3412 115 3473 Est
133 3412 237 3475 deinde
254 3416 283 3473 in
301 3414 425 3489 Seneca,
443 3415 560 3475 alteram
578 3426 688 3495 partem
712 3440 726 3467 u
739 3414 942 3475 dilectionibus
956 3415 1082 3477 deditam
1094 3442 1131 3477 u:
1258 3418 1261 3424 ’

55 3520 196 3604 intelligit
204 3526 234 3584 τό
245 3528 374 3603 liparea,
388 3518 554 3581 Amiuosum
563 3520 635 3579 allud
641 3530 669 3579 et
677 3519 837 3590 Initubile,
851 3520 929 3601 quod
942 3521 1024 3582 aliter
1035 3525 1064 3585 ro*
1079 3549 1134 3585 πα-

54 3632 179 3701 θητικὸν,
195 3626 286 3688 Graeci
302 3628 416 3700 dicunt,
432 3628 461 3686 iu
471 3625 670 3709 assertionibus
677 3628 815 3706 positum,
831 3639 864 3687 ut
874 3638 970 3689 noster
981 3632 1129 3711 expressit.

55 3736 143 3796 Facit
166 3748 195 3795 et
216 3735 333 3794 alteram
350 3779 359 3809 ‚
384 3733 579 3812 Vobrptutibus
591 3733 716 3793 deditam
730 3756 740 3791 .·
755 3736 785 3794 ri
802 3738 1001 3816 ἐπιθυμητικόν,
1020 3720 1133 3798 scilicet

52 3841 140 3923 quod
157 3838 358 3921 concupiscens
375 3841 564 3900 nominamus.
589 3838 646 3898 Sed
666 3852 738 3899 notae
756 3842 906 3923 maiusque
925 3842 1005 3902 bellae
1024 3866 1032 3902 =
1053 3836 1130 3917 una,

53 3948 175 4028 inquit,
196 3974 210 4001 s
223 3949 366 4021 animosa,
390 3948 530 4029 impotens
552 3959 613 4016 est,
628 3974 642 3999 u
665 3947 753 4007 alteru
773 3975 787 4001 u
799 3946 935 4023 humilis,
956 3950 1102 4033 languida.
1116 3979 1130 4006 ι»

54 4053 145 4113 Philo
158 4052 271 4115 Jodaeus
285 4056 356 4114 scita
368 4054 492 4136 imagine
507 4053 561 4113 boc
577 4054 707 4113 illustret.
723 4082 737 4107 u
751 4053 787 4113 ln
800 4056 904 4115 Anima
918 4070 1013 4117 nostra
1024 4056 1038 4141 (
1045 4059 1086 4118 uit
1096 4058 1133 4119 de

53 4159 255 4243 Agricultura)
271 4161 346 4243 Equi
367 4174 450 4233 sunt,
466 4173 495 4220 et
512 4162 618 4244 Auriga
633 4160 679 4220 vel
692 4160 862 4222 Adscensor.
881 4160 957 4245 Equi
973 4165 1048 4239 duo,
1064 4164 1133 4226 Ira·
1199 4156 1203 4165 ’

55 4289 146 4326 scens
157 4280 187 4327 et
201 4269 411 4349 concupiscens
435 4292 443 4325 ε
459 4267 594 4326 illerelut
605 4288 684 4341 mas,
703 4267 761 4328 baec
776 4268 902 4349 immina.
922 4269 976 4331 Ille
992 4274 1132 4354 gestiens,

209 4380 268 4447 1v.
708 4482 712 4490 .
940 4378 986 4460 43
