2950 4934
334 454 404 538 654
704 448 855 519 JUSTI
876 452 1035 520 LIPSII

337 598 409 669 tori,
435 598 465 655 in
487 596 569 674 cujus
591 596 732 677 imagine,
755 606 784 654 et
799 593 1002 667 similitudine,
1021 606 1050 653 et
1073 596 1210 665 nomine,
1232 608 1261 653 ct
1286 599 1406 659 materia

336 724 488 786 expressus
509 716 561 762 cat.
581 730 595 755 ιι
620 700 717 773 Ecce,
735 699 964 783 Nonuircrcrgo
985 700 1065 761 Dens
1085 698 1409 762 esttsseoetttaten‘a:

335 835 403 896 ergo
417 833 434 871 e
448 811 532 871 Deo?
546 810 604 871 Sed
625 830 729 893 nempe
748 830 894 869 sermones
917 808 948 868 lai
963 810 1057 883 tales,
1079 808 1116 868 ad
1135 830 1264 869 normam
1285 810 1409 868 aliorum

335 918 492 981 reducendi
508 931 595 1000 atque
610 916 795 979 examinandi
810 928 879 975 sunt
894 940 903 975 a
921 929 950 975 et
962 917 1047 976 altius
1060 916 1188 997 aliquid,
1205 938 1259 997 pro
1273 938 1307 976 re
1317 929 1409 986 nata,

334 1024 478 1087 interdum
492 1026 613 1101 dicunt,
630 1046 687 1083 non
701 1022 872 1105 capiendum
885 1036 918 1082 ut
931 1022 1040 1083 dieunt.
1056 1022 1122 1104 lpse
1131 1022 1244 1082 abdicat
1259 1046 1269 1080 a
1290 1050 1305 1075 ιι
1318 1024 1412 1081 Intel-

335 1134 415 1215 lige‚
432 1133 525 1213 inquit
542 1131 682 1214 (Advers.
698 1130 791 1190 Marc.
810 1128 859 1204 ll,
877 1152 941 1211 cap.
957 1128 1014 1213 9),
1029 1128 1164 1189 adflatum
1176 1128 1236 1210 (ad
1248 1130 1338 1188 verba
1350 1128 1412 1187 Ge·

337 1258 438 1299 naseos
453 1235 595 1319 adspicit)
609 1236 749 1295 minorem
763 1235 871 1317 Spiritu
885 1256 967 1309 esse,
987 1238 1040 1296 etsi
1057 1234 1095 1296 de
1107 1236 1214 1317 Spiritu
1229 1236 1338 1295 accidit
1354 1261 1364 1294 ε
1380 1250 1412 1295 ot

336 1345 562 1423 eumdumius,
591 1356 769 1401 nontamen
790 1339 944 1423 Spiritum
967 1364 1034 1401 nam
1059 1355 1089 1402 et
1112 1363 1181 1401 aura
1204 1354 1295 1401 vento
1318 1344 1411 1401 rarior

338 1465 399 1523 est;
416 1452 468 1510 etsi
483 1450 520 1509 de
534 1462 618 1508 vento
632 1471 718 1521 aura,
733 1472 792 1508 non
806 1462 902 1509 tamen
915 1462 1018 1509 ventus
1031 1470 1110 1511 aura.
1128 1449 1210 1529 Capit
1224 1450 1315 1507 etiam
1333 1451 1411 1507 ima·

339 1562 435 1641 ginem
442 1558 564 1639 Spiritus
578 1554 674 1615 dicere
689 1556 820 1615 flatum.»
833 1554 958 1616 Omnino
971 1559 1010 1615 ita
1025 1568 1077 1616 est.
1090 1555 1169 1615 Dens
1178 1556 1292 1637 aliquid
1304 1556 1411 1637 Spiritu

338 1666 447 1726 inflavit
457 1666 486 1723 in
499 1664 665 1736 hominem,
680 1684 739 1721 non
754 1664 847 1744 ipsum
859 1687 868 1735 ς
885 1664 1007 1723 similem
1018 1664 1072 1723 sibi
1085 1708 1094 1735 ,
1107 1684 1163 1721 non
1179 1660 1305 1721 scierit.
1319 1666 1411 1744 Atque

339 1774 378 1833 ita
389 1772 531 1833 Ambrosii
543 1774 628 1833 etiam
639 1772 687 1831 illa
700 1770 855 1853 mitiganda
868 1794 877 1829 ε
892 1798 906 1825 ι
921 1774 1030 1831 Anime
1041 1772 1214 1831 rationabilis
1227 1772 1388 1831 substantia
1400 1816 1409 1841 ,

340 1878 454 1939 divinus
472 1878 592 1960 Spiritus
609 1890 663 1937 est.
681 1904 695 1929 ιι
716 1876 858 1947 Minime3
875 1877 927 1937 sed
946 1876 1055 1961 aliquid
1076 1878 1224 1950 vicinum,
1243 1890 1274 1936 et
1290 1878 1410 1937 multum

341 1986 377 2045 ab
393 2008 427 2045 eo
441 1984 567 2045 trahens.
586 1984 724 2043 Lactantii
740 1984 836 2043 verbis
851 1994 917 2042 utar
929 1982 997 2064 (lib.
1017 1982 1055 2043 de
1072 1982 1134 2043 Noe
1151 1996 1179 2043 et
1190 2004 1276 2055 arua,
1291 2006 1319 2042 c.
1336 1984 1408 2061 25),

342 2095 502 2153 «Animam
519 2094 615 2152 nescio
630 2091 783 2172 quidesse
803 2090 866 2150 Deo
879 2092 983 2149 simile.
999 2116 1013 2142 ιι
1029 2090 1120 2165 Quem
1135 2092 1230 2171 ipsum
1252 2103 1352 2151 tamen
1365 2114 1412 2149 ca-

342 2197 500 2271 lumniose,
514 2198 558 2257 vir
568 2197 657 2257 multa
665 2197 805 2279 insignis,
821 2198 947 2281 aspergit
953 2196 1008 2257 hae
1022 2197 1183 2278 suspicione
1193 2201 1335 2280 ipoooeta:
1346 2244 1355 2271 ‚
1368 2202 1416 2257 uni

340 2305 489 2364 essene'ce:
506 2304 573 2383 quia
591 2304 736 2384 scripserit
753 2327 762 2362 a
786 2330 800 2357 ι
821 2304 902 2363 Ficto
921 2324 1041 2385 corpore
1057 2305 1213 2385 spiravitei
1236 2306 1364 2365 animam
1378 2305 1412 2364 de

342 2412 421 2471 vitali
448 2410 527 2469 lonte
541 2410 662 2493 Spiritus
686 2412 752 2483 sui,
771 2413 820 2491 qui
835 2424 878 2471 cst
895 2412 1039 2493 perennis.
1056 2438 1070 2464 ιι
1086 2410 1158 2471 Sunt
1172 2412 1329 2472 ruborum
1343 2436 1414 2493 cap-

343 2517 464 2577 tcndnloe
481 2540 489 2575 ι
506 2518 564 2595 jam
578 2516 662 2577 docui
684 2539 692 2574 a
712 2516 798 2575 abite.
817 2515 910 2576 Multa
924 2516 971 2576 laic
988 2518 1097 2577 occulta
1111 2530 1161 2576 aut
1174 2517 1281 2590 dubia,
1291 2517 1410 2598 'sateorr

342 2636 371 2683 et
387 2644 452 2681 cum
467 2622 626 2705 Augustino
642 2622 711 2681 olim
724 2619 836 2703 (Epist.
854 2621 892 2681 ad
905 2620 1003 2704 Optat.
1019 2622 1142 2682 Milevit.
1159 2636 1189 2681 et
1202 2622 1278 2682 adde
1297 2624 1334 2683 de
1352 2625 1411 2683 civ.

342 2729 436 2803 XIV,
452 2752 516 2811 cap.
538 2727 633 2809 ult),
652 2756 665 2781 ι
687 2728 755 2788 Sine
776 2730 914 2811 periculo·
926 2732 1006 2811 origo
1024 2732 1133 2789 Animo
1152 2731 1222 2789 latet
1245 2754 1255 2789 a
1277 2730 1414 2791 hactenns

343 2852 457 2911 umen,
480 2847 512 2895 ut
532 2858 590 2896 non
610 2858 673 2896 eam
694 2836 862 2918 particulam
884 2835 939 2897 Dei
961 2860 1022 2897 esse
1046 2838 1211 2911 credamus,
1226 2838 1280 2898 sed
1301 2853 1415 2899 creatu-

344 2966 416 3003 ram.
442 2970 456 2997 ιι
478 2940 516 3001 Et
530 2944 588 3021 jam
604 2942 709 3015 vides,
731 2944 826 3001 stoicis
850 2942 931 3003 Unde
946 2944 985 3003 sit
997 2942 1127 3003 Amisso:
1143 2965 1159 3002 e
1177 2943 1268 3018 caelo,
1291 2967 1311 3003 a
1333 2946 1413 3018 Deo,

343 3054 434 3133 ipsam
456 3052 560 3109 Deum.
588 3048 671 3109 Elata
691 3063 720 3108 et
740 3072 814 3110 rana
835 3065 903 3111 sunt
918 3075 927 3109 a
945 3051 994 3110 illa
1010 3050 1200 3125 modestiora,
1223 3055 1414 3130 cognationem

343 3160 423 3219 nobas
434 3180 498 3218 cum
516 3156 577 3217 Deo
593 3148 673 3225 esse.
699 3170 727 3215 et
747 3159 859 3240 magis,
875 3157 932 3219 Dei
936 3156 1019 3239 filios
1034 3181 1103 3219 esse.
1124 3158 1263 3239 atiquid',
1280 3162 1412 3243 inquam,

346 3267 435 3325 divini
451 3266 480 3325 in
496 3265 577 3323 nobis
595 3288 602 3323 ι
620 3277 648 3323 et
662 3264 727 3323 lacti
743 3266 805 3342 ejus
819 3254 910 3324 instar
926 3264 963 3323 nb
980 3264 1030 3323 illo
1045 3278 1144 3345 patre,
1156 3277 1244 3347 utque
1255 3268 1415 3328 etiamado

346 3374 415 3455 ptati
429 3394 536 3433 sumus.
552 3401 566 3426 ιι
581 3372 643 3455 Ego
658 3372 717 3432 dixi
729 3372 780 3453 (in
791 3372 901 3454 Sacris)
912 3373 961 3431 Dii
976 3374 1043 3432 estis
1055 3386 1083 3433 et
1093 3374 1144 3433 lilii
1155 3372 1271 3434 Excelsi
1286 3398 1413 3437 omnes.»

343 3480 420 3554 Quid
430 3480 558 3540 Seneca?
575 3506 587 3531 ιι
602 3478 681 3539 Inter
693 3479 788 3538 Deum
799 3500 831 3537 ae
846 3480 954 3538 bonum
964 3480 1057 3538 virum
1069 3480 1250 3540 necessitudo
1263 3496 1327 3555 est,
1342 3496 1371 3542 et
1380 3484 1416 3542 si·

347 3586 508 3647 mititudo.»
519 3584 581 3667 (De
593 3584 708 3645 Provid.
721 3608 786 3667 cap.
804 3584 846 3666 r.)
859 3586 1008 3667 Itemque:
1023 3612 1037 3639 ι
1050 3586 1194 3647 virbonus
1204 3609 1274 3647 vera
1286 3592 1350 3671 ejus
1359 3614 1416 3672 pro·

346 3696 474 3776 genios.»
487 3692 512 3750 0
523 3692 601 3751 utilis
611 3688 762 3775 cogitatio!
780 3718 794 3745 ι
805 3690 835 3750 si
851 3692 916 3771 quis
931 3691 998 3751 huie
1010 3692 1144 3753 doctrina
1159 3696 1231 3753 affici
1242 3709 1273 3754 et
1284 3696 1416 3756 inhaeoere

347 3823 399 3883 pro
421 3800 558 3881 dignitate
578 3800 685 3879 possit,
708 3798 787 3879 qnod
802 3799 870 3858 lacti
884 3822 902 3858 a
916 3798 980 3858 Deo
993 3822 1092 3860 omnes
1112 3804 1249 3882 primario
1265 3804 1377 3874 simus,
1393 3818 1417 3862 et

347 3907 394 3965 ille
409 3908 445 3963 sit
458 3918 540 3985 pater
551 3904 699 3965 hominum
714 3906 800 3965 simul
815 3927 849 3963 nc
863 3904 1042 3965 Geniorum:
1058 3908 1161 3988 opinor
1178 3906 1329 3989 prolecto,
1346 3910 1416 3991 qnod

348 4010 419 4069 nihil
433 4011 541 4070 humile
568 4026 616 4071 aut
636 4012 778 4091 abjectum
800 4012 837 4071 dc
852 4015 946 4093 seipso
959 4013 1045 4073 homo
1065 4016 1189 4096 cogitare
1200 4028 1251 4074 aut
1272 4016 1417 4098 disponam

348 4130 483 4199 possets
509 4115 653 4199 (Epictct.
677 4118 690 4177 l
713 4118 835 4178 Dissert.
859 4140 923 4200 cap.
943 4118 993 4201 3.)
1014 4118 1091 4179 Ecce
1113 4121 1191 4179 enim
1213 4122 1239 4179 si
1262 4122 1358 4182 Cacsar
1375 4136 1416 4182 aut

349 4224 411 4283 llex
423 4238 451 4282 te
462 4222 624 4305 adoptasset
638 4270 646 4297 ‚
661 4214 724 4305 quis
738 4226 924 4307 supercilium
942 4226 1145 4288 tuumlerret?
1160 4248 1251 4307 quum
1262 4242 1359 4289 autem
1370 4230 1415 4288 Dei
