2950 4934
397 520 470 587 nx
492 517 674 586 olonis
697 515 925 585 sennen.
1133 516 1197 599 403

520 709 703 772 ennomus,
713 707 758 759 tib.
769 709 825 761 vn.

184 843 241 931 io.
260 846 388 914 Seneca
406 840 565 911 Ovidium
586 865 731 934 sequeno
753 821 762 906 ξ

233 1011 240 1028 0
330 984 447 1054 Gausapa
454 982 476 1036 si
486 981 592 1054 tnmpeit
599 984 620 1046 ¹,
629 999 738 1052 gausapa
747 993 845 1052 sumpta
853 981 939 1054 proba.

408 1174 568 1228 cononum
580 1173 747 1226 Toaomsr
760 1173 800 1235 11,
817 1171 878 1225 Can.
891 1189 933 1226 xv.

186 1308 245 1394 41.
267 1307 382 1399 Aliqui
405 1307 518 1387 Laici,
540 1307 618 1373 dum
640 1303 772 1374 diversa
791 1322 987 1399 perpetrant
1003 1307 1197 1392 adulteria,

138 1421 200 1491 hoc
219 1420 313 1514 qnod
332 1419 375 1488 de
397 1443 433 1488 oe
455 1420 590 1502 sciunt,
616 1421 653 1485 in
673 1418 750 1486 aliie
777 1422 1012 1513 suspicantur,
1045 1424 1130 1491 sicut
1153 1425 1200 1492 ait

136 1539 263 1607 Seneca
276 1589 288 1622 ,
307 1564 324 1601 n
343 1537 525 1630 pessimum
537 1536 627 1603 in'eo
642 1537 761 1605 vitium
776 1560 848 1604 eone
856 1586 867 1622 ,
884 1537 944 1630 qni
959 1538 995 1605 in
1010 1537 1046 1606 id
1064 1564 1131 1631 quo
1145 1541 1199 1606 in-

134 1653 224 1721 cenit
234 1702 245 1736 ,
264 1667 401 1719 ooeteroe
413 1664 508 1743 putat
522 1649 649 1716 furere.
670 1676 686 1711 o
1025 1655 1028 1666 ’

133 1892 186 1925 estc
207 1873 321 1926 Melam.
337 1868 464 1921 Omnibus
485 1866 553 1918 enim
574 1879 647 1920 notus
730 1885 752 1917 ι.
776 1865 905 1936 Goncopo
923 1872 947 1921 si
958 1873 1078 1938 sumpsit.
1094 1871 1137 1924 Est
1153 1871 1202 1944 ipse

136 1949 343 2023 cctPomponinc
363 1947 453 2010 Maia,
476 1946 546 2016 cujus
569 1957 648 1997 exstat
694 1947 975 2015 Ovidiiversur,iib.ii
991 1952 1021 2003 rie
1034 1955 1092 2006 Arte
1108 1955 1202 2008 eiman-

136 2025 198 2079 iibcr
210 2029 245 2080 de
259 2030 313 2079 situ
323 2025 408 2090 orbi,
425 2043 504 2094 qnnm
517 2021 587 2075 nniia
607 2021 644 2074 ii·
693 2023 729 2074 di.
738 2024 806 2095 Ergo
818 2029 871 2078 vnit
881 2027 921 2080 iric
934 2028 1055 2080 Prisciani
1064 2029 1148 2096 iocus,
1159 2033 1202 2086 Se·

136 2103 185 2154 tius
203 2103 319 2156 Melonis
341 2101 407 2174 apud
433 2112 526 2153 veteres
548 2099 644 2151 mentio
694 2123 781 2156 necam
804 2125 856 2158 non
874 2125 972 2159 versum
996 2109 1140 2181 scripsisse,
1158 2113 1201 2164 seui

135 2177 250 2234 ΜΕ»,
693 2181 739 2234 ἱΙΙο
753 2183 868 2256 erempio
883 2183 1013 2254 Gausapa
1026 2187 1147 2241 extulisse.

553 2379 791 2406 ψ

176 2641 239 2705 His
250 2642 426 2726 fragmentis
443 2641 580 2704 nonnulli
594 2644 705 2704 addunt
720 2640 899 2704 Orationem
917 2643 1038 2708 Senecoe
1054 2651 1092 2709 ad
1107 2649 1204 2712 Nero-

133 2767 227 2828 nem,
246 2772 306 2832 qna
319 2748 514 2833 philosophos
525 2760 628 2810 noster
640 2747 881 2832 imperatorem,
899 2771 991 2832 quum
1002 2755 1040 2815 ad
1055 2757 1205 2821 deteriora

133 2857 285 2919 inclinare
299 2869 456 2933 comeret,
472 2876 562 2936 seque
579 2855 671 2917 variis
690 2856 944 2920 criminationibus
958 2859 1084 2938 incessi,
1108 2865 1205 2925 oravit

132 2979 166 3027 nt
176 2965 240 3028 sibi
250 2965 283 3025 in
295 2963 390 3025 onum
398 2965 537 3025 secedere
552 2961 666 3025 liceret.
676 2961 744 3023 Nos
755 2983 843 3041 vero,
859 2985 950 3044 quum
961 2967 1023 3049 jam
1038 2969 1135 3032 oratio
1150 2971 1202 3034 illa

131 3076 164 3137 in
180 3087 290 3136 nostra
300 3069 537 3134 Tacitieditione
551 3068 662 3130 inserta
675 3067 781 3146 suerit,
804 3083 833 3131 et
851 3083 997 3153 praeterea
1009 3074 1204 3142 dubitandum

130 3183 172 3245 cit
189 3203 233 3244 an
253 3179 347 3264 ipsios
365 3177 486 3240 Senem
505 3175 598 3238 rerba
615 3197 632 3237 a
647 3177 753 3239 Tacito
769 3177 864 3239 relata
881 3193 999 3258 essent,
1017 3184 1128 3270 quippe
1153 3190 1204 3271 qui

131 3289 187 3374 (nt
200 3289 271 3373 ipsc
285 3286 394 3347 fatetur
403 3283 513 3346 Annon
526 3279 602 3360 XV,
618 3305 644 3346 c.
660 3281 700 3344 63
715 3282 787 3362 fin.)
798 3283 927 3350 aliorum
943 3288 1036 3352 verba
1053 3291 1203 3358 invertere

129 3395 278 3471 colebat,
296 3391 373 3453 hane
392 3391 559 3452 orationem
574 3389 726 3473 praeterire
743 3389 834 3452 satius
851 3393 987 3456 duximus
992 3441 1003 3471 ,
1021 3413 1140 3462 nostros
1161 3403 1204 3464 ie-

129 3517 238 3565 ctorec
255 3499 408 3584 adipsum
426 3477 565 3559 *ratitum
579 3495 650 3578 (tib.
667 3493 747 3557 XIV
759 3499 1018 3584 Anna1.cnp.53,
1032 3503 1092 3584 54)
1102 3509 1204 3572 remit-

129 3623 246 3673 lenies·
