2950 4934
412 432 686 504 nrusrons
710 403 854 502 extr.
1102 437 1167 508 ros

103 567 127 632 si
139 564 198 634 ille
213 586 294 632 acer
305 579 358 632 est
370 579 404 634 et
422 565 514 634 ferox
526 571 535 601 ¹
549 597 568 648 ‚·
576 565 739 634 concitari
751 563 918 660 gradum?
931 565 960 633 si
974 564 1074 650 furit,
1089 584 1167 651 aut,

105 678 193 770 quod
211 681 322 750 furori
338 681 449 750 simile
462 696 532 763 ost,
548 681 719 762 irascitur,
737 680 911 750 turbatum
928 705 1001 752 esse
1018 683 1171 776 corporis

105 809 245 875 motum,
268 817 335 862 nec
348 794 419 873 ire,
438 795 500 862 sed
521 794 628 863 ferri?
648 795 789 888 Quanto
807 795 874 864 hoc
893 797 1000 890 magis
1016 795 1172 865 accidere

106 909 239 1001 ingenio
254 924 372 1003 putas,
389 908 482 1000 quod
498 925 604 978 totum
616 907 730 978 animo
747 911 950 1002 permixtum
967 926 1019 980 est
1029 913 1044 980 t
1055 910 1098 980 ab
1113 911 1172 980 illo

107 1021 259 1114 lingitur,
275 1021 326 1090 illi
340 1039 453 1114 paret,
475 1021 557 1090 inde
570 1023 681 1115 legem
693 1024 793 1116 petit.

148 1137 331 1229 Quomodo
342 1141 531 1206 Maecenas'
552 1140 694 1222 vixerit,
711 1140 825 1208 notius
838 1154 910 1219 est,
930 1165 1031 1232 quam
1045 1156 1084 1210 ut
1097 1165 1176 1210 ncr-
1199 1155 1215 1222 t
1293 1211 1297 1218 ,

108 1255 171 1321 rari
187 1279 281 1323 nunc
293 1255 436 1340 debeat3
456 1255 624 1349 quomodo
637 1256 879 1339 ambulaverit,
898 1281 999 1348 quam
1013 1258 1177 1328 delicatus
1231 1279 1237 1296 ‘

108 1371 228 1453 luerit,
243 1395 344 1464 quam
357 1375 504 1466 cupierit
520 1371 648 1456 videri,
664 1397 767 1466 quam
776 1373 859 1440 vitia
873 1397 932 1441 sua
943 1373 1048 1442 latere
1059 1375 1178 1446 notue-

108 1488 161 1554 rit.
175 1486 274 1580 Quid
283 1512 365 1582 ergo
377 1489 467 1557 Pnon
479 1490 587 1557 oratio
600 1489 673 1582 ejus
684 1513 781 1581 aeque
792 1488 901 1557 soluta
911 1506 979 1572 est,
994 1513 1094 1582 quam
1105 1491 1179 1584 ipse

108 1605 314 1674 disemum?
335 1627 406 1673 non
430 1622 499 1673 tam
521 1607 685 1697 insignita
706 1605 798 1674 illius
822 1607 927 1674 verba
950 1621 1048 1692 sunt,
1077 1629 1180 1700 quant

93 1722 237 1817 uultus,
250 1745 352 1814 quarn
364 1723 558 1805 comitatus,
573 1747 674 1814 quam
685 1719 822 1810 dumus,
836 1748 936 1815 quam
947 1749 1032 1793 uxor
1041 1725 1181 1818 iMagni

109 1841 161 1906 vir
180 1840 313 1932 ingenii
341 1838 473 1920 luerat,
497 1841 528 1908 si
551 1839 638 1907 illud
658 1841 783 1933 egisset
802 1841 857 1908 via
876 1842 1041 1927 rectiore,
1064 1842 1092 1908 si
1114 1864 1183 1909 non

110 1958 246 2024 vitasset
266 1954 431 2048 intelligi,
451 1957 479 2023 si
497 1980 565 2023 non
585 1957 686 2024 ctiam
700 1957 737 2025 in
753 1958 906 2025 oratione
921 1955 1107 2026 difflueret.
1123 1957 1185 2025 Vi·
1209 1979 1223 2029 s

111 2069 206 2138 debis
225 2074 342 2162 itaque
363 2071 592 2163 eloquentiam
616 2070 704 2138 ebrii
728 2070 895 2154 hominis,
920 2071 1126 2156 involutam,
1150 2087 1185 2140 et

112 2203 280 2255 errantem
290 2237 300 2266 ‚
311 2203 345 2255 et
355 2176 499 2256 licentiae
509 2187 657 2280 plenam.
675 2184 863 2279 [llaeoenas
875 2238 884 2272 ,
896 2183 1071 2258 deCultu⁵
1084 2185 1177 2280 sno].

112 2301 206 2394 Quid
221 2304 381 2397 turpius?
397 2303 533 2372 «Amne
543 2295 555 2345 ⁴
565 2303 728 2397 silvisque
739 2304 817 2396 ripa
827 2305 1039 2373 comantibus
1053 2303 1133 2373 vide
1145 2319 1185 2372 ut

112 2569 179 2618 qne,
197 2561 320 2618 tanquam
337 2548 469 2601 materiem
485 2566 625 2620 properau—
673 2547 736 2601 riori
749 2547 841 2602 secolo
852 2550 897 2601 istc
909 2551 982 2603 scetus
991 2551 1138 2603 tribuendae
1148 2551 1187 2605 sit.

112 2627 173 2680 dom
191 2626 321 2681 subactam
338 2626 372 2680 ad
386 2646 469 2678 usum.
483 2625 575 2679 Rutk.
673 2627 785 2700 Egregie
795 2625 957 2680 disserentem
965 2629 996 2680 de
1003 2629 1189 2682 Mecenatevl·

147 2727 169 2756 ι.
182 2705 283 2757 Ferox.
301 2707 381 2758 Recte
396 2723 424 2756 a.
437 2719 457 2755 c.
472 2705 509 2756 A.
524 2703 626 2756 Gruter.
674 2703 706 2756 de
720 2703 896 2756 Wielandum
910 2703 936 2756 in
948 2704 1073 2776 prooemio
1084 2704 1118 2757 ed
1130 2704 1188 2758 Ho-

115 2784 332 2854 Volgoveloaeer
347 2781 956 2854 lt.·tmtvetocia13p.ntttp.1‚t.ltutt.

114 2873 188 2924 retr,
199 2859 361 2930 proservato.
371 2858 453 2914 Sctw.
707 2860 732 2911 3.
741 2860 884 2925 Maceror,
897 2861 930 2912 de
942 2861 1021 2914 Cultu
1028 2879 1084 2914 suo.
1096 2861 1188 2914 levitis

146 2959 171 2990 ι.
189 2939 331 2991 atacem.
346 2937 386 2989 CB
402 2937 434 2990 de
453 2957 483 2990 co
498 2948 585 2989 notem
596 2937 630 2990 ad
677 2950 735 2991 vett.
750 2943 778 2990 ιἰι
798 2939 878 2992 Cultu
896 2957 944 2990 ruo
958 2937 1016 2990 edd.
1030 2949 1087 2990 ente
1104 2937 1189 2990 ttuht„

115 3017 193 3087 Epist
206 3030 250 3080 cr,
267 3034 304 3068 ιο.
323 3015 446 3068 Defendit
461 3015 630 3069 Maecenatem
678 3015 723 3066 list
732 3027 816 3066 sutem
827 3013 874 3066 iste
885 3014 971 3068 titulus
981 3014 1099 3067 carminis
1108 3014 1191 3084 cujus·

113 3097 146 3148 de
159 3111 213 3166 qno
226 3095 280 3168 egit
290 3094 404 3148 Andreas
414 3093 523 3148 ttivinus
534 3093 630 3159 (dena-
680 3092 739 3146 dem
754 3079 926 3146 a‘tttccenau
944 3091 1096 3160 conscripti,
1114 3108 1190 3162 qoem

114 3189 154 3228 tue
170 3172 252 3237 utut)
264 3169 522 3245 pluribus’Diesertet
539 3171 631 3240 quibus
678 3172 780 3224 titulum
793 3171 845 3244 ipse
858 3171 953 3224 Seneca
966 3170 1042 3236 (sicut
1054 3164 1114 3222 alibi
1130 3169 1191 3232 titu-

114 3268 201 3306 temen
220 3251 303 3304 tietb.
318 3250 364 3322 qui
379 3250 546 3304 Mecenatem
557 3267 631 3301 suurn
679 3247 717 3301 los
727 3247 835 3300 aliorum
843 3247 983 3312 librorum,
995 3246 1108 3318 equibus
1115 3246 1191 3300 verbs

114 3330 198 3384 edidit
210 3329 289 3396 1553,
306 3347 361 3380 nou
375 3347 436 3380 usus
445 3339 499 3379 est:
510 3345 557 3379 nec
566 3324 632 3376 mihi
680 3324 797 3397 quaedam
809 3326 913 3394 citavit)
925 3325 1044 3400 Epistola
1056 3345 1108 3378 suae
1118 3326 1193 3378 inse-

113 3423 242 3484 usurpatae
253 3421 321 3462 sunt.
331 3406 463 3479 ln'lilcgie
478 3406 508 3460 C.
522 3403 632 3458 Pedonis
681 3404 740 3458 ruit.
752 3402 956 3474 S.-.-Equidern
968 3403 1013 3456 has
1024 3415 1131 3474 quatuor
1142 3423 1193 3455 vo-

115 3484 325 3540 Albinovanivel
335 3484 416 3558 potius
424 3485 514 3537 incerti
523 3480 632 3537 unctoria
681 3503 722 3536 ces
736 3482 876 3553 emarginc
888 3481 916 3534 in
928 3493 1071 3535 contextura
1086 3481 1193 3533 intrusus

116 3570 144 3620 io
153 3567 255 3625 obitum
263 3564 410 3620 flecmatis
420 3561 633 3628 (inWerosdorl.
681 3580 734 3617 estc
746 3574 805 3633 puto
817 3577 876 3612 cum
890 3560 991 3614 Gruter.
1000 3557 1193 3612 Fuissevidetur

117 3645 204 3699 Poetis
221 3647 277 3698 lat.
292 3644 387 3696 minor.
403 3642 439 3696 lll
448 3679 456 3707 ,
474 3663 498 3713 p.
512 3643 559 3694 155
569 3641 634 3710 eqo.)
680 3657 771 3712 poema
785 3637 932 3706 Maecenatis
946 3636 985 3690 sic
1001 3637 1150 3708 inscriptum
1162 3636 1194 3686 de

115 3721 237 3793 qudam
246 3719 495 3790 oceurmnt‚qoibus
507 3719 638 3774 Mesenae.
681 3715 920 3772 soevitnratione.
934 3713 1011 3766 Conl.
1025 3712 1194 3766 Wernsdorl.
1292 3753 1299 3766 .

116 3800 281 3864 defendetur,
291 3798 434 3870 desumpta,
444 3810 472 3849 nt
482 3794 635 3850 milivide-
683 3797 714 3848 P.
734 3795 763 3846 l..
779 3792 970 3857 t1.T0m.vl‚
989 3792 1016 3854 l,
1036 3811 1060 3864 p·
1079 3809 1116 3842 ro.
1129 3789 1195 3858 Qnae

117 3892 170 3939 tur,
185 3897 201 3928 e
214 3875 397 3930 commentario
416 3893 485 3928 nunc
504 3872 635 3946 deperdito
682 3887 823 3946 sequuntur
831 3873 878 3947 ipsi
888 3873 991 3926 Seneca
1001 3873 1070 3925 luere
1077 3872 1196 3924 obscure:

117 3954 253 4024 enjusdam
270 3953 347 4006 Lollii
371 3953 402 4006 dc
422 3954 561 4006 Mecenste
578 3969 585 4005 ι
604 3971 635 4005 cu
683 3949 1197 4027 quomegisnoltis?Anomneneqnena

117 4035 194 4086 euim
204 4035 312 4086 referam
324 4051 425 4086 versum
439 4051 479 4095 ro,
494 4051 530 4084 ιι.
546 4030 636 4084 Nostri
684 4045 720 4086 tes
729 4049 816 4085 versus
828 4049 858 4084 ex
867 4029 913 4082 illo
923 4038 1038 4101 poemate
1049 4026 1196 4081 Maecenatis

93 4171 102 4186 ς
117 4125 210 4166 tamen
218 4131 351 4164 casuram
357 4129 413 4164 aon
420 4109 547 4181 cognitam
556 4121 637 4182 poeta
684 4109 811 4181 desumpti
822 4108 888 4172 sint,
902 4126 954 4159 non
967 4107 1054 4178 liquet.
1065 4105 1155 4158 Ruta.

118 4190 164 4247 isti
184 4189 281 4260 frigido
299 4189 376 4244 luisse
390 4201 469 4257 puto,
483 4187 581 4241 etiamsi
596 4206 637 4240 se·
720 4189 744 4252 4.
766 4187 841 4258 Quid
858 4189 958 4256 turpius
971 4187 987 4240 i'
1002 4189 1053 4252 (rc.
1068 4201 1144 4255 quem
1164 4183 1197 4236 de
