2950 4934
318 440 384 535 49²
680 441 834 512 JthTI
858 443 1018 512 111es11

660 657 974 722 Dtsstttttttlo
994 662 1032 722 V.

347 811 394 874 Eo
412 815 495 895 ἔμω,
513 813 645 876 Netinos
661 819 828 897 appellari:
847 819 1083 892 redemtumter,
1107 817 1208 882 Dum.
1231 820 1368 904 Itemque

598 921 737 983 Mundam
756 925 786 983 in
805 923 859 984 tac
878 946 977 986 rumen
996 927 1097 987 oem're.

355 1093 485 1154 Dtxutos
500 1092 645 1156 Ευιηὶιάι
658 1097 718 1156 sive
739 1095 871 1158 Nottous
885 1098 956 1160 duas
972 1119 1034 1160 csse
1053 1122 1062 1160 a
1079 1098 1158 1182 qnod
1169 1098 1289 1159 uberius
1302 1099 1394 1180 puin

316 1197 510 1272 diducendum
525 1213 588 1273 est,
603 1214 632 1262 ct
644 1224 725 1262 mens
740 1225 774 1264 ao
788 1225 881 1264 sermo
896 1203 943 1264 hic
958 1204 1116 1266 Stoicorum
1131 1203 1314 1286 explicanda.
1335 1202 1393 1262 Ln-
1459 1265 1460 1296 ,

319 1309 441 1368 etantius
455 1320 561 1389 proeoat
570 1307 639 1391 (tib.
652 1309 767 1384 v11,e.
781 1308 820 1393 3)
833 1335 841 1370 ε
856 1339 870 1366 ιι
883 1311 969 1374 Stoici
985 1313 1122 1374 Naturam
1134 1313 1164 1372 in
1174 1311 1247 1372 duas
1257 1311 1393 1370 dividunt

315 1427 410 1494 partea
422 1438 430 1485 ;
442 1437 530 1474 mam
546 1437 609 1496 quan
627 1414 758 1489 Efficiat3
776 1418 913 1494 alteram,
926 1439 988 1501 que
1004 1441 1035 1481 oe
1050 1421 1088 1480 ad
1102 1418 1266 1480 iaciendum
1283 1431 1391 1478 tructa-

316 1519 403 1582 bilem
417 1533 541 1602 prestet.
559 1522 594 1582 In
609 1523 658 1582 itta
672 1525 765 1604 prima
781 1547 842 1586 esse
857 1525 925 1586 Vim
940 1525 1082 1598 faciendi;
1098 1527 1129 1586 in
1144 1525 1197 1584 hac
1214 1525 1388 1594 Materiam,
1459 1537 1460 1588 1

316 1649 370 1688 nec
384 1627 504 1688 alterum
517 1630 580 1689 tine
593 1629 682 1690 altero
698 1651 761 1690 esse
775 1653 869 1712 posse.
887 1633 931 1693 lta
944 1635 991 1693 isti
1004 1655 1062 1692 uno
1079 1633 1192 1694 Natura
1208 1633 1328 1692 nomine
1344 1652 1389 1690 ros

316 1733 520 1794 donanim„
535 1734 834 1816 comprehendemnt,
851 1739 944 1798 Deum
959 1751 988 1799 et
1002 1737 1145 1799 Mundum
1161 1781 1170 1812 ,
1189 1737 1336 1796 Artificem
1360 1747 1388 1794 ct

317 1840 415 1922 Opus,
432 1839 586 1922 dicamque
600 1841 722 1902 alterum
737 1843 799 1902 sine
815 1843 904 1903 altero
918 1843 990 1903 nihss
1010 1863 1109 1926 posse,
1125 1856 1263 1926 tanquam
1281 1845 1388 1903 Natura

317 1947 354 2007 sit
369 1947 447 2006 Deus
461 1946 575 2008 Mundo
590 1948 761 2028 permixtus.
778 1947 851 2010 Nam
872 1948 1015 2010 interdum
1030 1950 1071 2008 sio
1086 1947 1289 2022 confundunt,
1306 1961 1339 2007 ut
1353 1949 1387 2006 sit

317 2054 395 2114 Dens
409 2055 472 2134 ipsa
486 2053 571 2114 Mens
584 2053 707 2129 mundi,
724 2067 755 2114 et
768 2053 896 2114 Mundus
913 2055 950 2115 sit
964 2055 1073 2136 Corpus
1087 2055 1153 2116 Dei.
1171 2080 1186 2108 a
1206 2053 1306 2116 flaba
1328 2053 1386 2114 ferr

318 2181 380 2238 qne
400 2159 500 2220 Cicero
521 2181 625 2241 snpra,
640 2158 692 2220 sed
705 2159 792 2242 paulo
807 2161 897 2243 magis
912 2161 1053 2241 explicata
1069 2183 1079 2219 a
1096 2159 1234 2241 videoque
1248 2171 1279 2220 et
1293 2161 1384 2246 Denpi

317 2263 463 2327 Naum
478 2265 552 2340 dici,
569 2278 598 2326 et
611 2265 775 2328 Materiam.
791 2266 849 2328 Sed
862 2267 944 2328 illmn
960 2269 1104 2341 maxime,
1128 2280 1269 2350 qautenus
1292 2280 1384 2326 tamen

317 2373 440 2432 insertans
455 2386 497 2434 cst
510 2372 639 2449 Mundo,
656 2386 686 2434 et
705 2375 810 2434 molem
830 2373 904 2434 hanc
918 2375 1046 2449 animat,
1063 2375 1256 2454 continetque.
1283 2371 1384 2432 Inertii

318 2480 373 2539 ista
386 2478 533 2562 mens(1n
548 2480 682 2564 Zenone)
698 2504 735 2539 a«
747 2480 883 2542 Naturam
904 2479 989 2540 modo
1007 2481 1106 2544 dicum
1117 2524 1126 2555 ,
1139 2501 1202 2540 eam
1219 2502 1283 2562 qnae
1298 2479 1385 2540 Mun—

319 2584 388 2646 dum
402 2587 546 2657 continet;
561 2585 647 2646 modo
661 2587 740 2646 illam
754 2608 816 2667 qum
831 2587 923 2669 gignit
936 2585 1123 2668 producitqua
1138 2598 1382 2666 superterram.»

319 2691 414 2752 Prima
428 2692 476 2752 illa
492 2675 597 2767 dictio,
613 2705 658 2753 est
670 2705 766 2752 nocua
783 2715 791 2752 a
807 2704 837 2752 et
852 2693 1058 2773 Cicero‘pnlam
1067 2691 1124 2752 huc
1138 2691 1287 2774 adspexit,
1301 2694 1384 2750 immo

318 2799 421 2871 vertit,
437 2821 527 2879 quum
537 2799 650 2880 scripsit
661 2796 711 2880 (ΙΙ
725 2797 770 2858 De
785 2797 886 2858 Natur.
899 2796 1021 2880 deor.)=
1037 2797 1173 2858 «Natura
1182 2799 1384 2880 ostigiturqnae

319 2905 453 2965 Continet
466 2903 610 2964 Mundum
624 2924 757 2977 omnem,
774 2923 897 2985 eumque
912 2915 1007 2964 menn
1023 2927 1032 2962 a
1050 2915 1136 2986 atquc
1148 2924 1183 2962 ea
1197 2902 1315 2983 quidem
1330 2924 1384 2960 non

318 3011 380 3070 sine
395 3033 481 3072 sensu
496 3024 581 3092 atque
596 3011 716 3072 rationo.
732 3007 927 3070 »sincicum
942 3007 1084 3090 quomodo
1098 3009 1205 3090 poenit,
1222 3029 1313 3088 qnam
1327 3008 1386 3086 ima

318 3118 356 3176 sit
370 3119 419 3178 illa
439 3144 453 3172 a
471 3119 597 3178 sentiens
617 3128 646 3177 et
661 3116 824 3198 intelligens
844 3141 878 3189 ιι,
896 3115 926 3176 id
942 3127 1003 3188 est,
1022 3114 1122 3174 Deus?
1138 3113 1219 3172 ldem
1240 3113 1360 3192 scriptor
1375 3133 1384 3165 ι

322 3249 336 3276 κ
354 3222 497 3283 Mundum
505 3236 534 3284 et
544 3223 605 3302 ejus
615 3234 711 3303 partes
721 3222 829 3281 Natura
840 3222 980 3282 sentiente
990 3221 1080 3280 teneri
1093 3263 1101 3292 ,
1114 3220 1144 3279 in
1157 3239 1214 3299 qua
1224 3217 1311 3278 Ratio
1320 3239 1387 3298 per-

318 3328 392 3388 fecta
407 3329 495 3403 insit,
516 3351 579 3410 qum
598 3330 637 3388 sit
650 3328 751 3389 eadem
774 3329 957 3409 sempiterna.
983 3326 1075 3401 Quam
1098 3326 1157 3385 vim
1178 3325 1308 3384 animum
1328 3343 1388 3380 esse

319 3436 419 3497 dicunt
432 3435 555 3510 Mundi,
568 3435 756 3515 eamdemque
767 3435 968 3495 esse-Mentem
977 3431 1208 3514 sapientiamque
1219 3429 1356 3490 divinam.
1372 3454 1386 3478 ι

228 3609 233 3618 ‚
319 3541 409 3602 Vides
424 3542 516 3616 clarc,
533 3540 607 3600 hanc
627 3541 781 3615 Nauarum,
803 3539 931 3600 Mentem
947 3559 1007 3598 esse
1023 3539 1078 3598 Dei
1093 3549 1121 3598 ct
1137 3535 1310 3606 Rationem,
1332 3555 1389 3592 uno

318 3650 406 3709 verbo
413 3649 508 3710 Deum
522 3672 530 3707 e
543 3648 614 3730 quid
624 3650 701 3709 enim
713 3650 744 3709 in
754 3648 820 3722 itto,
833 3649 887 3707 nisi
896 3659 990 3708 nostra
1001 3643 1192 3716 distinctione,
1202 3641 1389 3702 distinctum?

319 3753 426 3814 Seneca
439 3754 502 3837 (IV
519 3755 563 3814 De
577 3754 676 3816 Benef.
694 3777 759 3837 cap.
785 3752 850 3836 7)=
871 3781 884 3808 ιι
901 3753 978 3828 Quid
992 3751 1070 3812 aliud
1090 3761 1133 3812 est
1154 3749 1281 3822 Natura,
1305 3769 1389 3829 quam

320 3861 418 3934 Dens,
439 3874 467 3920 et
479 3862 577 3922 divina
592 3860 697 3935 Ratio,
716 3863 766 3922 toti
782 3861 891 3921 mundo
909 3873 937 3920 et
956 3859 1086 3941 partibus
1100 3860 1161 3938 ejus
1176 3856 1304 3916 inserta?
1323 3883 1337 3908 ιι
1355 3853 1390 3912 Et

320 3968 388 4028 alibi
402 3967 451 4051 (ΙΙ
464 3968 568 4042 Queat.
582 3970 683 4029 Natur.
700 3991 765 4050 cap.
783 3967 842 4050 45)
852 3989 966 4028 causam
979 3967 1062 4026 otiam
1074 3965 1272 4046 appellationis
1287 3963 1392 4042 adjun-

320 4075 362 4156 git
378 4100 386 4136 a
406 4104 420 4130 ιι
441 4077 493 4136 Vis
514 4078 607 4136 Donni
621 4089 650 4135 et
666 4077 803 4135 Naturam
819 4074 939 4134 vocare?
956 4095 1012 4134 non
1028 4071 1158 4154 peccabis
1174 4093 1182 4140 ;
1198 4081 1242 4130 est
1257 4071 1335 4128 onim
1356 4091 1391 4126 cx

320 4205 379 4263 quo
393 4195 459 4242 nata
474 4194 541 4242 sunt
554 4183 662 4242 omnia.
682 4209 696 4234 ιι
714 4181 878 4242 Lactantius
894 4182 974 4262 ponit
988 4181 1040 4240 hoc
1052 4223 1061 4252 ,
1074 4191 1102 4238 et
1114 4175 1253 4259 approbat
1264 4175 1329 4258 (tib.
1344 4175 1392 4246 H,
