2950 4934
318 495 356 538 ια
612 477 652 540 L.
678 471 858 540 ANNAEI
882 471 1097 542 SENECAE

311 601 468 669 lustrium
483 600 663 670 fluminum
678 625 743 696 per
758 603 930 696 privatum
943 599 1107 672 decursus
1120 618 1172 670 est
1182 609 1208 686 ¹,
1223 619 1259 672 et
1271 629 1392 674 amnes

310 717 442 809 magni,
459 740 727 811 magnorumque
743 720 896 812 gentium
915 719 1070 802 termini,
1086 741 1195 811 usque
1208 719 1252 786 ad
1264 721 1389 788 ostium

309 857 330 900 a
347 833 440 902 sonte
457 835 564 902 vestri
582 852 673 902 sunt.
694 838 768 904 Hoc
784 859 923 929 quoque
941 860 1062 929 purum
1076 852 1149 919 est,
1166 837 1233 904 nisi
1246 835 1389 905 latifun-

310 948 378 1018 diis
391 952 513 1019 vestris
530 952 636 1020 maria
651 954 804 1020 cinxistis
819 983 829 1040 3
846 953 913 1020 nisi
928 969 1023 1022 trans
1036 952 1198 1021 Hadriam
1210 969 1244 1020 et
1252 953 1390 1020 lonium

309 1068 531 1159 AEgaeumque
552 1084 666 1137 vester
687 1068 823 1137 villicus
846 1086 989 1162 regnet,
1016 1070 1083 1136 nisi
1105 1068 1242 1152 insulse,
1262 1067 1389 1137 ducum

310 1183 482 1253 domicilia
498 1209 718 1279 magnorum,
737 1189 828 1255 inter
841 1186 1002 1255 vilissima
1016 1211 1131 1255 rerum
1146 1203 1386 1256 numerentur.

241 1285 246 1294 ’
310 1298 423 1390 Quam
442 1299 544 1367 vultis
566 1299 633 1368 lute
653 1299 847 1394 possidete3
869 1302 913 1368 sit
928 1300 1073 1388 fundus,
1092 1299 1185 1394 quod
1203 1301 1390 1393 aliquando

310 1416 491 1508 imperium
511 1417 713 1502 vocabatur,
735 1419 835 1487 iacite
852 1433 1022 1500 vestrum,
1039 1417 1210 1511 quidquid
1226 1412 1385 1510 potestis!

309 1531 446 1600 —dum
464 1533 541 1626 plus
557 1535 600 1601 sit
616 1533 719 1602 alieni
731 1539 759 1601 ².
779 1538 880 1602 Nunc
893 1535 1069 1605 vobiscum
1086 1535 1220 1628 loquor,
1241 1557 1389 1625 quorum

310 1668 407 1736 aeque
424 1647 568 1740 spatiose
586 1647 742 1732 luxuria,
766 1673 868 1740 quam
885 1649 1024 1717 illorum
1041 1650 1205 1732 avaritia,
1222 1645 1390 1716 diffundi-

310 1779 379 1831 tur.
399 1763 504 1832 Vobis
527 1763 604 1833 dico
623 1792 631 1831 :
648 1760 865 1858 Quousque³
883 1765 998 1834 nullus
1016 1766 1082 1833 erit
1107 1765 1220 1848 lucus,
1241 1766 1297 1833 cui
1315 1788 1387 1831 non

309 1876 467 1976 yillarum
485 1896 672 1946 vestrarum
693 1880 827 1972 fastigia
847 1880 1067 1966 immineant;
1087 1879 1219 1948 nullum
1238 1877 1384 1958 flumen,

310 1993 408 2084 cujus
433 2017 501 2066 non
524 1996 617 2089 ripas
634 1995 781 2064 aedificia
799 2014 910 2065 vestra
935 1998 1145 2090 praetexant?
1171 1995 1387 2086 Ubicumque

308 2087 487 2178 'scatebunt
499 2135 665 2203 uquarum
679 2111 865 2181 calentium
879 2136 996 2198 venae,
1013 2113 1060 2180 ibi
1077 2135 1164 2180 nova
1177 2107 1388 2180 tdiversoria

310 2223 451 2294 luxuriae
463 2223 732 2296 excitabuntur⁵.
746 2229 1161 2322 Ubicumqucinaliquem
1170 2230 1279 2297 sinum
1289 2227 1388 2296 littus

309 2341 525 2429 curvabitur,
551 2369 610 2414 vos
628 2346 786 2437 protinus
807 2343 1026 2416 fundamenta
1043 2344 1195 2438 jecistis3
1220 2369 1285 2412 nec
1305 2367 1388 2412 con·

312 2459 395 2525 tenti
410 2455 515 2542 solo⁶,
535 2461 602 2528 nisi
616 2457 708 2551 quod
722 2485 824 2540 manu
839 2462 1001 2546 feceritis,
1018 2463 1126 2530 meria
1137 2461 1245 2552 agetis
1257 2461 1387 2526 intror-
1433 2451 1437 2456 ’

311 2599 379 2644 sus.
397 2577 564 2645 Omnibus
585 2577 685 2661 licet²
706 2578 789 2658 locis
811 2595 899 2650 tecta
912 2595 1025 2650 vestra
1038 2576 1297 2673 resplendeant,
1317 2576 1387 2644 uli·

311 2837 426 2880 mutuare
441 2845 470 2881 er
486 2825 563 2878 lllde
578 2825 668 2878 Benei.
683 2845 738 2898 cap.
750 2841 821 2888 vnn
904 2825 1179 2881 &Neocaesaream
1188 2825 1308 2894 Aggeres,
1319 2819 1388 2893 pilas

310 2905 371 2956 item
381 2904 457 2978 Epist.
469 2919 540 2970 lxlv,
551 2916 575 2956 et
584 2905 675 2956 nostris
686 2904 822 2958 Admiran·
871 2927 890 2959 s.
899 2905 979 2960 moles
987 2906 1014 2958 in
1023 2906 1076 2977 ipso
1085 2904 1148 2957 mari
1156 2903 1294 2966 struebant,
1303 2900 1388 2971 iisque

310 2981 349 3034 dis
360 2981 439 3047 libro,
454 2983 490 3048 ll,
501 3001 555 3054 cap.
566 2998 610 3035 xv.
621 2983 695 3052 Lr'ps.
871 2985 979 3039 edificia
988 2983 1202 3058 superstruebant,
1210 2994 1238 3033 ut
1244 2992 1333 3032 notum
1341 2992 1390 3032 est.

346 3080 366 3112 ι.
383 3059 516 3112 Decursus
524 3070 571 3112 est.
583 3059 675 3112 Aberat
684 3071 723 3112 est
731 3059 823 3132 vulgo:
873 3062 914 3115 Cf.
924 3062 1019 3115 Tibull.
1031 3061 1157 3127 11,t,ts;
1169 3061 1260 3132 lleyne
1266 3057 1299 3110 ad
1308 3057 1386 3130 Virg.

311 3139 429 3192 dedited.
446 3141 481 3191 A.
495 3158 554 3192 curn
570 3158 617 3190 ms.
633 3159 655 3192 e.
670 3139 786 3192 Pinciani
799 3151 825 3193 et
871 3141 936 3193 AEn.
953 3141 1006 3212 lx,
1027 3159 1083 3208 7¹¹·
1100 3138 1175 3190 Coni.
1195 3137 1296 3189 Sallust.
1315 3135 1386 3189 Bell.

310 3219 421 3272 Gruteri.
434 3218 516 3272 Sele.
872 3217 948 3270 Catil.
967 3218 1005 3270 13.
1022 3218 1111 3270 llorat.
1121 3217 1145 3269 ll
1156 3255 1164 3283 ,
1180 3215 1264 3268 Carm.
1276 3235 1306 3282 o,
1319 3233 1388 3286 psq.

344 3319 367 3350 η.
381 3297 475 3351 Facite
490 3309 631 3352 vestrum..
640 3301 704 3352 dum
714 3303 777 3368 plus
788 3303 824 3352 sit
871 3298 924 3359 Ill,
940 3316 963 3362 a,
974 3299 1015 3363 45.
1024 3293 1117 3346 Rutt.

311 3381 400 3431 alieni.
408 3376 491 3431 lntell.
503 3395 510 3430 τ
521 3389 545 3428 et
556 3378 577 3430 si
587 3378 674 3431 omnia
687 3377 821 3452 appetatis,
906 3370 1388 3444 poniniturnomentanum...

310 3477 363 3508 non
381 3457 468 3510 omnia
488 3455 629 3519 habebitis,
652 3469 677 3508 et
700 3455 756 3526 plus
776 3456 825 3510 erit
871 3456 970 3507 edura.
988 3452 1092 3506 Similia
1112 3465 1137 3509 et
1155 3448 1304 3503 illustrantia
1326 3447 1388 3500 loca

309 3553 407 3605 semper
416 3571 423 3598 ,
432 3532 501 3605 quod
512 3533 556 3586 alii
567 3533 718 3606 possideant.
872 3533 976 3604 collegit
993 3529 1175 3592 blitscberlieb.
1187 3528 1218 3581 ad
1232 3529 1322 3581 llorat·
1337 3527 1390 3581 To.

343 3610 366 3662 3.
379 3609 522 3681 Quousque
523 3647 562 3666 .....
574 3613 735 3664 immineant.
747 3611 822 3662 Cons-
872 3603 899 3678 l,'
913 3633 937 3685 p.
952 3613 1013 3677 3843
1025 3622 1049 3662 et
1058 3611 1105 3662 To.
1118 3610 1157 3672 ll,
1170 3631 1194 3682 p.
1208 3610 1236 3660 ιδ
1247 3619 1270 3658 et
1283 3623 1312 3676 ¹9
1322 3621 1329 3656 ε
1339 3604 1387 3658 ubi

310 3689 399 3742 Horat.
412 3691 452 3749 ll,
478 3691 520 3756 18,
539 3710 587 3751 ²03
601 3690 655 3752 lll,
678 3710 704 3752 1,
724 3687 821 3754 33-4o;
873 3691 939 3744 inter
947 3690 997 3742 alia
1007 3689 1116 3762 legimus
1126 3687 1180 3742 boec
1192 3705 1199 3740 ε
1210 3687 1323 3738 «Nonne
1332 3683 1387 3738 boc

310 3769 363 3832 lll,
378 3771 409 3835 24
420 3769 478 3821 init.
488 3783 513 3822 et
523 3769 650 3823 Gronorii
660 3768 776 3822 Diatribe
788 3769 822 3820 ad
872 3768 926 3841 ipso
938 3768 1054 3820 animum
1068 3766 1211 3838 inquietum
1225 3763 1337 3837 produnt
1347 3760 1388 3813 di-

309 3847 418 3900 Statium
429 3870 450 3901 c.
461 3849 500 3920 39.
510 3848 600 3900 Ruth.
870 3849 933 3900 vites
943 3845 1064 3910 Romani,
1072 3844 1151 3916 qnod,
1164 3841 1289 3914 prioribus
1297 3840 1325 3892 ln
1333 3839 1387 3892 sss-

341 3927 364 3990 d.
373 3925 534 3980 Diuersorio.
542 3928 700 3980 Deversoria
709 3925 821 3997 prabent
871 3926 962 3978 tidiurn
970 3924 1094 3985 adductis,
1104 3922 1177 3974 novis
1187 3940 1265 3990 usque
1275 3938 1328 3972 sese
1338 3918 1386 3970 im·

307 4001 364 4056 edd.
377 4003 439 4055 lllat.
448 4005 504 4056 aliis
515 4004 696 4077 refragantibus
705 4003 785 4054 libris.
791 4002 821 4055 S.
874 4016 990 4076 mergant
1003 4002 1151 4056 deliciarum
1160 3996 1312 4072 generibus?
1324 3999 1386 4056 Jaru

340 4085 363 4135 5.
383 4081 542 4152 Ubicumque
552 4085 743 4136 excitabuntur.
754 4083 783 4133 F„
799 4103 821 4134 e.
836 4110 839 4114 ⁴
871 4084 963 4154 quibus
977 4102 1037 4154 opes
1050 4101 1107 4137 suas
1118 4081 1282 4153 explicarent,
1293 4078 1387 4130 animi·

306 4159 391 4223 Baiis,
406 4159 518 4222 Cutiliae,
530 4162 687 4230 'l'besprotim
698 4175 744 4216 etr.
753 4161 820 4215 Gro·
870 4183 920 4232 quc
931 4161 1111 4233 aegritudinem
1121 4173 1145 4212 et
1153 4161 1299 4217 faterentur,
1310 4168 1335 4208 et
1345 4176 1386 4216 er·

308 4257 368 4302 nov.
380 4237 489 4292 Distrib.
500 4238 517 4294 l.
527 4239 544 4290 l.
556 4237 648 4292 liubit.
869 4239 963 4312 pellere
973 4251 1137 4304 conarentur,
1149 4238 1220 4309 plura
1228 4253 1321 4309 genera
1331 4234 1385 4300 llo·
