<?xml version="1.0" encoding="UTF-8"?>
<!DOCTYPE html PUBLIC "-//W3C//DTD XHTML 1.0 Transitional//EN"
    "http://www.w3.org/TR/xhtml1/DTD/xhtml1-transitional.dtd">
<html xmlns="http://www.w3.org/1999/xhtml" xml:lang="en" lang="en">
 <head>
  <title>
</title>
<meta http-equiv="Content-Type" content="text/html;charset=utf-8" />
  <meta name='ocr-system' content='tesseract 3.04.00' />
  <meta name='ocr-capabilities' content='ocr_page ocr_carea ocr_par ocr_line ocrx_word'/>
</head>
<body>
  <div class='ocr_page' id='page_1' title='image "./lannsenecparspr04bouigoog_0373.png"; bbox 0 0 2950 4934; ppageno 0'>
   <div class='ocr_carea' id='block_1_1' title="bbox 1150 277 1162 307">
    <p class='ocr_par' dir='ltr' id='par_1_1' title="bbox 1150 277 1162 307">
     <span class='ocr_line' id='line_1_1' title="bbox 1150 277 1162 307; baseline 0 0"><span class='ocrx_word' id='word_1_1' title='bbox 1150 277 1162 307; x_wconf 75' lang='lat' dir='ltr'><em>l</em></span> 
     </span>
    </p>
   </div>
   <div class='ocr_carea' id='block_1_2' title="bbox 427 446 1209 526">
    <p class='ocr_par' dir='ltr' id='par_1_2' title="bbox 427 446 1209 526">
     <span class='ocr_line' id='line_1_2' title="bbox 427 446 1209 526; baseline -0.001 -2"><span class='ocrx_word' id='word_1_2' title='bbox 427 446 700 526; x_wconf 82' lang='lat' dir='ltr'>EPISTOLA</span> <span class='ocrx_word' id='word_1_3' title='bbox 723 454 910 525; x_wconf 82' lang='lat' dir='ltr'><strong>CXXIV.</strong></span> <span class='ocrx_word' id='word_1_4' title='bbox 1142 453 1209 523; x_wconf 79' lang='lat'>363</span> 
     </span>
    </p>
   </div>
   <div class='ocr_carea' id='block_1_3' title="bbox 124 585 1340 2429">
    <p class='ocr_par' dir='ltr' id='par_1_3' title="bbox 124 585 1270 1388">
     <span class='ocr_line' id='line_1_3' title="bbox 124 585 1211 677; baseline -0.006 -17"><span class='ocrx_word' id='word_1_5' title='bbox 124 592 230 677; x_wconf 80' lang='lat' dir='ltr'>licet3</span> <span class='ocrx_word' id='word_1_6' title='bbox 251 588 410 674; x_wconf 81' lang='lat' dir='ltr'>alterius,</span> <span class='ocrx_word' id='word_1_7' title='bbox 433 611 516 657; x_wconf 84' lang='lat' dir='ltr'>cura</span> <span class='ocrx_word' id='word_1_8' title='bbox 532 587 692 657; x_wconf 84' lang='lat' dir='ltr'>hominis.</span> <span class='ocrx_word' id='word_1_9' title='bbox 715 587 848 656; x_wconf 70' lang='lat' dir='ltr'>Cetera</span> <span class='ocrx_word' id='word_1_10' title='bbox 863 599 996 655; x_wconf 82' lang='lat' dir='ltr'>tontum</span> <span class='ocrx_word' id='word_1_11' title='bbox 1015 585 1053 652; x_wconf 92' lang='lat' dir='ltr'>in</span> <span class='ocrx_word' id='word_1_12' title='bbox 1070 607 1131 653; x_wconf 85' lang='lat' dir='ltr'>son</span> <span class='ocrx_word' id='word_1_13' title='bbox 1144 606 1211 653; x_wconf 81' lang='lat' dir='ltr'>na-</span> 
     </span>
     <span class='ocr_line' id='line_1_4' title="bbox 129 700 1212 803; baseline -0.009 -26"><span class='ocrx_word' id='word_1_14' title='bbox 129 725 209 777; x_wconf 83' lang='lat' dir='ltr'>tura</span> <span class='ocrx_word' id='word_1_15' title='bbox 230 707 385 803; x_wconf 81' lang='lat' dir='ltr'>perfecta</span> <span class='ocrx_word' id='word_1_16' title='bbox 402 718 482 774; x_wconf 85' lang='lat' dir='ltr'>eunt</span> <span class='ocrx_word' id='word_1_17' title='bbox 495 717 520 792; x_wconf 91' lang='lat'>¹,</span> <span class='ocrx_word' id='word_1_18' title='bbox 545 728 614 774; x_wconf 92' lang='lat' dir='ltr'>non</span> <span class='ocrx_word' id='word_1_19' title='bbox 633 727 714 773; x_wconf 82' lang='lat' dir='ltr'>vere</span> <span class='ocrx_word' id='word_1_20' title='bbox 734 704 910 796; x_wconf 82' lang='lat' dir='ltr'>perfecta3</span> <span class='ocrx_word' id='word_1_21' title='bbox 933 726 954 770; x_wconf 87' lang='lat' dir='ltr'>n</span> <span class='ocrx_word' id='word_1_22' title='bbox 973 701 1099 795; x_wconf 78' lang='lat' dir='ltr'>quibus</span> <span class='ocrx_word' id='word_1_23' title='bbox 1115 700 1212 769; x_wconf 80' lang='lat' dir='ltr'>abest</span> 
     </span>
     <span class='ocr_line' id='line_1_5' title="bbox 128 815 1212 918; baseline -0.008 -23"><span class='ocrx_word' id='word_1_24' title='bbox 128 828 231 895; x_wconf 81' lang='lat' dir='ltr'>ratio.</span> <span class='ocrx_word' id='word_1_25' title='bbox 248 830 321 895; x_wconf 88' lang='lat' dir='ltr'>Hoc</span> <span class='ocrx_word' id='word_1_26' title='bbox 336 826 427 894; x_wconf 89' lang='lat' dir='ltr'>enim</span> <span class='ocrx_word' id='word_1_27' title='bbox 448 823 585 892; x_wconf 88' lang='lat' dir='ltr'>demum</span> <span class='ocrx_word' id='word_1_28' title='bbox 607 822 797 918; x_wconf 82' lang='lat' dir='ltr'>perlectum</span> <span class='ocrx_word' id='word_1_29' title='bbox 820 837 888 905; x_wconf 78' lang='lat' dir='ltr'>ent,</span> <span class='ocrx_word' id='word_1_30' title='bbox 912 820 1007 915; x_wconf 89' lang='lat' dir='ltr'>qnod</span> <span class='ocrx_word' id='word_1_31' title='bbox 1024 815 1212 889; x_wconf 70' lang='lat' dir='ltr'>secundnm</span> 
     </span>
     <span class='ocr_line' id='line_1_6' title="bbox 129 941 1213 1034; baseline -0.008 -20"><span class='ocrx_word' id='word_1_32' title='bbox 129 946 325 1014; x_wconf 86' lang='lat' dir='ltr'>universam</span> <span class='ocrx_word' id='word_1_33' title='bbox 335 959 491 1013; x_wconf 73' lang='lat' dir='ltr'>naturam</span> <span class='ocrx_word' id='word_1_34' title='bbox 502 956 553 1009; x_wconf 81' lang='lat' dir='ltr'>est</span> <span class='ocrx_word' id='word_1_35' title='bbox 566 941 756 1034; x_wconf 85' lang='lat' dir='ltr'>perlectum</span> <span class='ocrx_word' id='word_1_36' title='bbox 768 968 778 1028; x_wconf 84' lang='lat'><em>3</em></span> <span class='ocrx_word' id='word_1_37' title='bbox 789 942 952 1009; x_wconf 82' lang='lat' dir='ltr'>universa</span> <span class='ocrx_word' id='word_1_38' title='bbox 963 955 1078 1007; x_wconf 87' lang='lat' dir='ltr'>nutem</span> <span class='ocrx_word' id='word_1_39' title='bbox 1089 953 1213 1007; x_wconf 81' lang='lat' dir='ltr'>natura</span> 
     </span>
     <span class='ocr_line' id='line_1_7' title="bbox 131 1060 1214 1153; baseline -0.008 -22"><span class='ocrx_word' id='word_1_40' title='bbox 131 1061 310 1131; x_wconf 82' lang='lat' dir='ltr'>rationalis</span> <span class='ocrx_word' id='word_1_41' title='bbox 327 1076 378 1129; x_wconf 78' lang='lat' dir='ltr'>eet</span> <span class='ocrx_word' id='word_1_42' title='bbox 401 1087 409 1128; x_wconf 91' lang='lat'>:</span> <span class='ocrx_word' id='word_1_43' title='bbox 434 1074 556 1129; x_wconf 85' lang='lat' dir='ltr'>caetern</span> <span class='ocrx_word' id='word_1_44' title='bbox 573 1074 715 1152; x_wconf 83' lang='lat' dir='ltr'>possunt</span> <span class='ocrx_word' id='word_1_45' title='bbox 736 1060 773 1125; x_wconf 92' lang='lat' dir='ltr'>in</span> <span class='ocrx_word' id='word_1_46' title='bbox 791 1082 852 1126; x_wconf 87' lang='lat' dir='ltr'>sno</span> <span class='ocrx_word' id='word_1_47' title='bbox 876 1080 1004 1153; x_wconf 82' lang='lat' dir='ltr'>genere</span> <span class='ocrx_word' id='word_1_48' title='bbox 1030 1078 1105 1124; x_wconf 84' lang='lat' dir='ltr'>esee</span> <span class='ocrx_word' id='word_1_49' title='bbox 1128 1078 1214 1148; x_wconf 84' lang='lat' dir='ltr'>per-</span> 
     </span>
     <span class='ocr_line' id='line_1_8' title="bbox 131 1170 1270 1270; baseline -0.011 -23"><span class='ocrx_word' id='word_1_50' title='bbox 131 1178 233 1247; x_wconf 82' lang='lat' dir='ltr'>lecta.</span> <span class='ocrx_word' id='word_1_51' title='bbox 252 1180 294 1245; x_wconf 90' lang='lat' dir='ltr'>In</span> <span class='ocrx_word' id='word_1_52' title='bbox 313 1200 382 1270; x_wconf 89' lang='lat' dir='ltr'>qno</span> <span class='ocrx_word' id='word_1_53' title='bbox 398 1200 470 1244; x_wconf 94' lang='lat' dir='ltr'>non</span> <span class='ocrx_word' id='word_1_54' title='bbox 487 1190 599 1269; x_wconf 84' lang='lat' dir='ltr'>potest</span> <span class='ocrx_word' id='word_1_55' title='bbox 617 1174 718 1243; x_wconf 80' lang='lat' dir='ltr'>beate</span> <span class='ocrx_word' id='word_1_56' title='bbox 733 1174 804 1243; x_wconf 81' lang='lat' dir='ltr'>vito</span> <span class='ocrx_word' id='word_1_57' title='bbox 823 1196 915 1256; x_wconf 80' lang='lat' dir='ltr'>esse,</span> <span class='ocrx_word' id='word_1_58' title='bbox 936 1194 1002 1240; x_wconf 89' lang='lat' dir='ltr'>nec</span> <span class='ocrx_word' id='word_1_59' title='bbox 1024 1170 1062 1238; x_wconf 92' lang='lat' dir='ltr'>id</span> <span class='ocrx_word' id='word_1_60' title='bbox 1073 1184 1209 1264; x_wconf 83' lang='lat' dir='ltr'>potent,</span> <span class='ocrx_word' id='word_1_61' title='bbox 1239 1182 1270 1235; x_wconf 73' lang='grc' dir='ltr'>ιθ</span> 
     </span>
     <span class='ocr_line' id='line_1_9' title="bbox 131 1288 1210 1388; baseline -0.009 -24"><span class='ocrx_word' id='word_1_62' title='bbox 131 1318 201 1388; x_wconf 88' lang='lat' dir='ltr'>qno</span> <span class='ocrx_word' id='word_1_63' title='bbox 216 1293 316 1363; x_wconf 76' lang='lat' dir='ltr'>beata</span> <span class='ocrx_word' id='word_1_64' title='bbox 329 1295 398 1361; x_wconf 81' lang='lat' dir='ltr'>vitn</span> <span class='ocrx_word' id='word_1_65' title='bbox 412 1293 562 1362; x_wconf 81' lang='lat' dir='ltr'>efficitur</span> <span class='ocrx_word' id='word_1_66' title='bbox 580 1319 587 1358; x_wconf 92' lang='lat'>:</span> <span class='ocrx_word' id='word_1_67' title='bbox 604 1290 703 1360; x_wconf 81' lang='lat' dir='ltr'>bento</span> <span class='ocrx_word' id='word_1_68' title='bbox 720 1306 834 1361; x_wconf 85' lang='lat' dir='ltr'>autem</span> <span class='ocrx_word' id='word_1_69' title='bbox 847 1291 917 1359; x_wconf 82' lang='lat' dir='ltr'>vita</span> <span class='ocrx_word' id='word_1_70' title='bbox 930 1288 1031 1357; x_wconf 86' lang='lat' dir='ltr'>bonis</span> <span class='ocrx_word' id='word_1_71' title='bbox 1041 1288 1210 1371; x_wconf 78' lang='lat' dir='ltr'>efficitnr3</span> 
     </span>
    </p>

    <p class='ocr_par' dir='ltr' id='par_1_4' title="bbox 131 1395 1209 1498">
     <span class='ocr_line' id='line_1_10' title="bbox 131 1395 1209 1498; baseline -0.006 -23"><span class='ocrx_word' id='word_1_72' title='bbox 131 1410 168 1477; x_wconf 88' lang='lat' dir='ltr'>in</span> <span class='ocrx_word' id='word_1_73' title='bbox 182 1423 277 1478; x_wconf 87' lang='lat' dir='ltr'>moto</span> <span class='ocrx_word' id='word_1_74' title='bbox 289 1408 427 1477; x_wconf 81' lang='lat' dir='ltr'>animali</span> <span class='ocrx_word' id='word_1_75' title='bbox 439 1429 509 1475; x_wconf 92' lang='lat' dir='ltr'>non</span> <span class='ocrx_word' id='word_1_76' title='bbox 519 1422 570 1475; x_wconf 82' lang='lat' dir='ltr'>est</span> <span class='ocrx_word' id='word_1_77' title='bbox 580 1410 608 1491; x_wconf 81' lang='lat'>²,</span> <span class='ocrx_word' id='word_1_78' title='bbox 622 1430 690 1498; x_wconf 89' lang='lat' dir='ltr'>quo</span> <span class='ocrx_word' id='word_1_79' title='bbox 703 1406 802 1474; x_wconf 82' lang='lat' dir='ltr'>beata</span> <span class='ocrx_word' id='word_1_80' title='bbox 810 1406 881 1474; x_wconf 79' lang='lat' dir='ltr'>vito</span> <span class='ocrx_word' id='word_1_81' title='bbox 888 1404 1039 1473; x_wconf 87' lang='lat' dir='ltr'>efficitur</span> <span class='ocrx_word' id='word_1_82' title='bbox 1052 1429 1060 1470; x_wconf 78' lang='grc' dir='ltr'><strong>ι</strong></span> <span class='ocrx_word' id='word_1_83' title='bbox 1074 1395 1209 1495; x_wconf 77' lang='lat' dir='ltr'>[³ergo]</span> 
     </span>
    </p>

    <p class='ocr_par' dir='ltr' id='par_1_5' title="bbox 131 1506 753 1593">
     <span class='ocr_line' id='line_1_11' title="bbox 131 1506 753 1593; baseline -0.002 -2"><span class='ocrx_word' id='word_1_84' title='bbox 131 1524 168 1591; x_wconf 93' lang='lat' dir='ltr'>in</span> <span class='ocrx_word' id='word_1_85' title='bbox 191 1540 287 1593; x_wconf 90' lang='lat' dir='ltr'>muto</span> <span class='ocrx_word' id='word_1_86' title='bbox 300 1506 439 1593; x_wconf 71' lang='lat' dir='ltr'>enimali</span> <span class='ocrx_word' id='word_1_87' title='bbox 455 1509 583 1592; x_wconf 76' lang='lat' dir='ltr'>bonnm</span> <span class='ocrx_word' id='word_1_88' title='bbox 602 1546 672 1592; x_wconf 90' lang='lat' dir='ltr'>non</span> <span class='ocrx_word' id='word_1_89' title='bbox 688 1539 753 1592; x_wconf 78' lang='lat' dir='ltr'>eet.</span> 
     </span>
    </p>

    <p class='ocr_par' dir='ltr' id='par_1_6' title="bbox 130 1633 1340 2429">
     <span class='ocr_line' id='line_1_12' title="bbox 180 1633 1214 1733; baseline -0.007 -24"><span class='ocrx_word' id='word_1_90' title='bbox 180 1642 317 1709; x_wconf 89' lang='lat' dir='ltr'>Mutum</span> <span class='ocrx_word' id='word_1_91' title='bbox 327 1635 471 1709; x_wconf 82' lang='lat' dir='ltr'>nnimnl⁴</span> <span class='ocrx_word' id='word_1_92' title='bbox 486 1633 872 1733; x_wconf 83' lang='lat' dir='ltr'>eensucomprehendit⁵</span> <span class='ocrx_word' id='word_1_93' title='bbox 881 1638 1062 1732; x_wconf 63' lang='lat' dir='ltr'>praesentia</span> <span class='ocrx_word' id='word_1_94' title='bbox 1072 1664 1082 1724; x_wconf 82' lang='lat'>3</span> <span class='ocrx_word' id='word_1_95' title='bbox 1092 1650 1214 1730; x_wconf 81' lang='lat' dir='ltr'>praete-</span> 
     </span>
     <span class='ocr_line' id='line_1_13' title="bbox 130 1749 1214 1850; baseline -0.004 -25"><span class='ocrx_word' id='word_1_96' title='bbox 130 1758 279 1827; x_wconf 83' lang='lat' dir='ltr'>ritornm</span> <span class='ocrx_word' id='word_1_97' title='bbox 294 1749 558 1840; x_wconf 82' lang='lat' dir='ltr'>reminiscitnr⁶‚</span> <span class='ocrx_word' id='word_1_98' title='bbox 572 1782 678 1850; x_wconf 87' lang='lat' dir='ltr'>quum</span> <span class='ocrx_word' id='word_1_99' title='bbox 691 1755 728 1825; x_wconf 93' lang='lat' dir='ltr'>id</span> <span class='ocrx_word' id='word_1_100' title='bbox 737 1756 874 1839; x_wconf 81' lang='lat' dir='ltr'>incidit,</span> <span class='ocrx_word' id='word_1_101' title='bbox 887 1780 956 1849; x_wconf 93' lang='lat' dir='ltr'>quo</span> <span class='ocrx_word' id='word_1_102' title='bbox 969 1779 1089 1824; x_wconf 74' lang='lat' dir='ltr'>sensns</span> <span class='ocrx_word' id='word_1_103' title='bbox 1100 1752 1214 1822; x_wconf 80' lang='lat' dir='ltr'><strong>admo·</strong></span> 
     </span>
     <span class='ocr_line' id='line_1_14' title="bbox 130 1865 1218 1964; baseline -0.006 -26"><span class='ocrx_word' id='word_1_104' title='bbox 130 1886 237 1941; x_wconf 85' lang='lat' dir='ltr'>netur</span> <span class='ocrx_word' id='word_1_105' title='bbox 259 1898 267 1939; x_wconf 77' lang='grc' dir='ltr'><strong>ε</strong></span> <span class='ocrx_word' id='word_1_106' title='bbox 291 1888 453 1964; x_wconf 84' lang='lat' dir='ltr'><strong>tanquam</strong></span> <span class='ocrx_word' id='word_1_107' title='bbox 473 1896 581 1964; x_wconf 85' lang='lat' dir='ltr'>equus</span> <span class='ocrx_word' id='word_1_108' title='bbox 602 1872 839 1941; x_wconf 79' lang='lat' dir='ltr'>reminiscitur</span> <span class='ocrx_word' id='word_1_109' title='bbox 854 1871 938 1957; x_wconf 84' lang='lat' dir='ltr'>viae,</span> <span class='ocrx_word' id='word_1_110' title='bbox 954 1865 1124 1962; x_wconf 86' lang='lat' dir='ltr'>quum-nd</span> <span class='ocrx_word' id='word_1_111' title='bbox 1142 1868 1218 1933; x_wconf 89' lang='lat' dir='ltr'>ini--</span> 
     </span>
     <span class='ocr_line' id='line_1_15' title="bbox 130 1986 1209 2081; baseline -0.003 -26"><span class='ocrx_word' id='word_1_112' title='bbox 130 1989 218 2056; x_wconf 90' lang='lat' dir='ltr'>tium</span> <span class='ocrx_word' id='word_1_113' title='bbox 232 1989 308 2081; x_wconf 87' lang='lat' dir='ltr'>ejus</span> <span class='ocrx_word' id='word_1_114' title='bbox 321 1988 477 2057; x_wconf 77' lang='lat' dir='ltr'>admotus</span> <span class='ocrx_word' id='word_1_115' title='bbox 490 2004 563 2075; x_wconf 79' lang='lat' dir='ltr'>est3</span> <span class='ocrx_word' id='word_1_116' title='bbox 578 1988 615 2056; x_wconf 93' lang='lat' dir='ltr'>in</span> <span class='ocrx_word' id='word_1_117' title='bbox 633 1987 766 2056; x_wconf 82' lang='lat' dir='ltr'>stabulo</span> <span class='ocrx_word' id='word_1_118' title='bbox 780 1986 920 2080; x_wconf 87' lang='lat' dir='ltr'>quidem</span> <span class='ocrx_word' id='word_1_119' title='bbox 933 1987 1029 2055; x_wconf 83' lang='lat' dir='ltr'>nulla</span> <span class='ocrx_word' id='word_1_120' title='bbox 1041 1986 1112 2053; x_wconf 83' lang='lat' dir='ltr'>ilti⁷</span> <span class='ocrx_word' id='word_1_121' title='bbox 1127 1986 1209 2066; x_wconf 82' lang='lat' dir='ltr'>vite,</span> 
     </span>
     <span class='ocr_line' id='line_1_16' title="bbox 130 2082 1340 2199; baseline -0.002 -27"><span class='ocrx_word' id='word_1_122' title='bbox 130 2106 290 2196; x_wconf 82' lang='lat' dir='ltr'>quamvis</span> <span class='ocrx_word' id='word_1_123' title='bbox 304 2126 394 2199; x_wconf 81' lang='lat' dir='ltr'>saepe</span> <span class='ocrx_word' id='word_1_124' title='bbox 414 2082 831 2191; x_wconf 73' lang='lat' dir='ltr'>celoatae‚1nenroritiest.</span> <span class='ocrx_word' id='word_1_125' title='bbox 854 2105 1110 2188; x_wconf 19' lang='lat' dir='ltr'>Tertium-vero</span> <span class='ocrx_word' id='word_1_126' title='bbox 1125 2117 1214 2171; x_wconf 83' lang='lat' dir='ltr'>tem-</span> <span class='ocrx_word' id='word_1_127' title='bbox 1240 2136 1270 2187; x_wconf 81' lang='lat'>¹7</span> <span class='ocrx_word' id='word_1_128' title='bbox 1334 2096 1340 2106; x_wconf 72' lang='grc'>’</span> 
     </span>
     <span class='ocr_line' id='line_1_17' title="bbox 130 2217 1214 2313; baseline 0 -28"><span class='ocrx_word' id='word_1_129' title='bbox 130 2242 217 2313; x_wconf 85' lang='lat' dir='ltr'>pus,</span> <span class='ocrx_word' id='word_1_130' title='bbox 232 2218 270 2286; x_wconf 91' lang='lat' dir='ltr'>id</span> <span class='ocrx_word' id='word_1_131' title='bbox 292 2236 345 2287; x_wconf 78' lang='lat' dir='ltr'>est</span> <span class='ocrx_word' id='word_1_132' title='bbox 355 2269 367 2305; x_wconf 91' lang='lat'>,</span> <span class='ocrx_word' id='word_1_133' title='bbox 392 2219 567 2301; x_wconf 81' lang='lat' dir='ltr'>futorum,</span> <span class='ocrx_word' id='word_1_134' title='bbox 587 2219 632 2288; x_wconf 84' lang='lat' dir='ltr'>nd</span> <span class='ocrx_word' id='word_1_135' title='bbox 649 2234 744 2287; x_wconf 80' lang='lat' dir='ltr'>muto</span> <span class='ocrx_word' id='word_1_136' title='bbox 763 2243 833 2288; x_wconf 94' lang='lat' dir='ltr'>non</span> <span class='ocrx_word' id='word_1_137' title='bbox 850 2219 1012 2313; x_wconf 80' lang='lat' dir='ltr'>pertinet.</span> <span class='ocrx_word' id='word_1_138' title='bbox 1032 2217 1214 2312; x_wconf 88' lang='lat' dir='ltr'><strong>Quomodo</strong></span> 
     </span>
     <span class='ocr_line' id='line_1_18' title="bbox 132 2333 1226 2429; baseline -0.007 -26"><span class='ocrx_word' id='word_1_139' title='bbox 132 2357 220 2427; x_wconf 81' lang='lat' dir='ltr'>ergo</span> <span class='ocrx_word' id='word_1_140' title='bbox 237 2350 351 2427; x_wconf 83' lang='lat' dir='ltr'>potest</span> <span class='ocrx_word' id='word_1_141' title='bbox 369 2354 486 2403; x_wconf 86' lang='lat' dir='ltr'>eornm</span> <span class='ocrx_word' id='word_1_142' title='bbox 511 2334 623 2404; x_wconf 90' lang='lat' dir='ltr'>videri</span> <span class='ocrx_word' id='word_1_143' title='bbox 640 2335 793 2429; x_wconf 81' lang='lat' dir='ltr'>perlecto</span> <span class='ocrx_word' id='word_1_144' title='bbox 810 2351 932 2405; x_wconf 82' lang='lat' dir='ltr'>natura</span> <span class='ocrx_word' id='word_1_145' title='bbox 950 2384 961 2417; x_wconf 88' lang='lat'>‚</span> <span class='ocrx_word' id='word_1_146' title='bbox 982 2333 1109 2427; x_wconf 85' lang='lat' dir='ltr'>quibus</span> <span class='ocrx_word' id='word_1_147' title='bbox 1132 2356 1226 2402; x_wconf 70' lang='lat' dir='ltr'>usus,</span> 
     </span>
    </p>
   </div>
   <div class='ocr_carea' id='block_1_4' title="bbox 133 2449 1216 2547">
    <p class='ocr_par' dir='ltr' id='par_1_7' title="bbox 133 2449 1216 2547">
     <span class='ocr_line' id='line_1_19' title="bbox 133 2449 1216 2547; baseline -0.002 -28"><span class='ocrx_word' id='word_1_148' title='bbox 133 2451 282 2544; x_wconf 83' lang='lat' dir='ltr'>perfecti</span> <span class='ocrx_word' id='word_1_149' title='bbox 300 2454 462 2546; x_wconf 82' lang='lat' dir='ltr'>temporie</span> <span class='ocrx_word' id='word_1_150' title='bbox 478 2476 550 2521; x_wconf 95' lang='lat' dir='ltr'>non</span> <span class='ocrx_word' id='word_1_151' title='bbox 564 2450 614 2524; x_wconf 83' lang='lat' dir='ltr'>eit</span> <span class='ocrx_word' id='word_1_152' title='bbox 627 2453 643 2521; x_wconf 78' lang='grc' dir='ltr'>Ρ</span> <span class='ocrx_word' id='word_1_153' title='bbox 656 2454 809 2547; x_wconf 81' lang='lat' dir='ltr'>Tempus</span> <span class='ocrx_word' id='word_1_154' title='bbox 826 2454 919 2521; x_wconf 88' lang='lat' dir='ltr'>enim</span> <span class='ocrx_word' id='word_1_155' title='bbox 934 2452 1044 2528; x_wconf 81' lang='lat' dir='ltr'>tribue</span> <span class='ocrx_word' id='word_1_156' title='bbox 1059 2449 1216 2544; x_wconf 83' lang='lat' dir='ltr'>partibus</span> 
     </span>
    </p>
   </div>
   <div class='ocr_carea' id='block_1_5' title="bbox 89 2672 1221 4316">
    <p class='ocr_par' dir='ltr' id='par_1_8' title="bbox 89 2672 1221 4316">
     <span class='ocr_line' id='line_1_20' title="bbox 134 2672 1217 2748; baseline 0 -23"><span class='ocrx_word' id='word_1_157' title='bbox 134 2682 222 2741; x_wconf 71' lang='lat' dir='ltr'>nostra</span> <span class='ocrx_word' id='word_1_158' title='bbox 234 2672 270 2725; x_wconf 84' lang='lat' dir='ltr'>sie</span> <span class='ocrx_word' id='word_1_159' title='bbox 279 2672 382 2743; x_wconf 70' lang='lat' dir='ltr'>nripsi3</span> <span class='ocrx_word' id='word_1_160' title='bbox 393 2676 439 2727; x_wconf 83' lang='lat' dir='ltr'>iiio</span> <span class='ocrx_word' id='word_1_161' title='bbox 448 2673 649 2748; x_wconf 61' lang='lat' dir='ltr'>intelligentiae</span> <span class='ocrx_word' id='word_1_162' title='bbox 700 2675 739 2727; x_wconf 82' lang='lat' dir='ltr'>ed·</span> <span class='ocrx_word' id='word_1_163' title='bbox 752 2678 789 2729; x_wconf 82' lang='lat' dir='ltr'>A.</span> <span class='ocrx_word' id='word_1_164' title='bbox 803 2674 841 2726; x_wconf 83' lang='lat' dir='ltr'>In</span> <span class='ocrx_word' id='word_1_165' title='bbox 851 2683 925 2726; x_wconf 72' lang='lat' dir='ltr'>muto</span> <span class='ocrx_word' id='word_1_166' title='bbox 938 2675 1056 2726; x_wconf 73' lang='lat' dir='ltr'>animoli</span> <span class='ocrx_word' id='word_1_167' title='bbox 1070 2672 1148 2725; x_wconf 77' lang='lat' dir='ltr'>beata</span> <span class='ocrx_word' id='word_1_168' title='bbox 1158 2676 1217 2726; x_wconf 81' lang='lat' dir='ltr'>vito</span> 
     </span>
     <span class='ocr_line' id='line_1_21' title="bbox 134 2748 1217 2825; baseline 0 -25"><span class='ocrx_word' id='word_1_169' title='bbox 134 2766 172 2800; x_wconf 81' lang='lat' dir='ltr'>re.</span> <span class='ocrx_word' id='word_1_170' title='bbox 186 2748 273 2821; x_wconf 74' lang='lat' dir='ltr'>Vulgo</span> <span class='ocrx_word' id='word_1_171' title='bbox 285 2769 373 2803; x_wconf 85' lang='lat' dir='ltr'>omnes</span> <span class='ocrx_word' id='word_1_172' title='bbox 390 2754 438 2804; x_wconf 82' lang='lat' dir='ltr'>illo</span> <span class='ocrx_word' id='word_1_173' title='bbox 448 2753 550 2805; x_wconf 78' lang='lat' dir='ltr'>diversa</span> <span class='ocrx_word' id='word_1_174' title='bbox 570 2763 652 2819; x_wconf 85' lang='lat' dir='ltr'>sunt‚·</span> <span class='ocrx_word' id='word_1_175' title='bbox 700 2774 752 2805; x_wconf 86' lang='lat' dir='ltr'>non</span> <span class='ocrx_word' id='word_1_176' title='bbox 766 2753 880 2825; x_wconf 79' lang='lat' dir='ltr'>efficitur</span> <span class='ocrx_word' id='word_1_177' title='bbox 891 2752 930 2804; x_wconf 85' lang='lat' dir='ltr'>ed.</span> <span class='ocrx_word' id='word_1_178' title='bbox 947 2749 983 2802; x_wconf 80' lang='lat' dir='ltr'>Ii.</span> <span class='ocrx_word' id='word_1_179' title='bbox 996 2752 1064 2803; x_wconf 82' lang='lat' dir='ltr'>Ven-</span> <span class='ocrx_word' id='word_1_180' title='bbox 1083 2764 1108 2803; x_wconf 92' lang='lat' dir='ltr'>et</span> <span class='ocrx_word' id='word_1_181' title='bbox 1123 2750 1166 2803; x_wconf 83' lang='lat' dir='ltr'>Er.</span> <span class='ocrx_word' id='word_1_182' title='bbox 1187 2750 1217 2802; x_wconf 88' lang='lat' dir='ltr'>S.</span> 
     </span>
     <span class='ocr_line' id='line_1_22' title="bbox 132 2825 1212 2902; baseline 0.002 -24"><span class='ocrx_word' id='word_1_183' title='bbox 132 2825 182 2879; x_wconf 73' lang='lat' dir='ltr'>&#39;ulti</span> <span class='ocrx_word' id='word_1_184' title='bbox 194 2825 336 2881; x_wconf 77' lang='lat' dir='ltr'>videndum</span> <span class='ocrx_word' id='word_1_185' title='bbox 344 2867 352 2893; x_wconf 90' lang='lat'><em>,</em></span> <span class='ocrx_word' id='word_1_186' title='bbox 361 2828 493 2882; x_wconf 80' lang='lat' dir='ltr'>aneodem</span> <span class='ocrx_word' id='word_1_187' title='bbox 505 2829 651 2902; x_wconf 78' lang='lat' dir='ltr'>significatu</span> <span class='ocrx_word' id='word_1_188' title='bbox 736 2829 760 2881; x_wconf 77' lang='grc'>3.</span> <span class='ocrx_word' id='word_1_189' title='bbox 772 2830 980 2899; x_wconf 62' lang='lat' dir='ltr'>Ergoabestoae.</span> <span class='ocrx_word' id='word_1_190' title='bbox 989 2828 1025 2883; x_wconf 80' lang='lat' dir='ltr'>R.</span> <span class='ocrx_word' id='word_1_191' title='bbox 1035 2832 1069 2882; x_wconf 86' lang='lat' dir='ltr'>A.</span> <span class='ocrx_word' id='word_1_192' title='bbox 1077 2828 1212 2899; x_wconf 76' lang='lat' dir='ltr'>Adiectum</span> 
     </span>
     <span class='ocr_line' id='line_1_23' title="bbox 134 2906 1148 2981; baseline 0.002 -22"><span class='ocrx_word' id='word_1_193' title='bbox 134 2906 219 2972; x_wconf 75' lang='lat' dir='ltr'>teneri</span> <span class='ocrx_word' id='word_1_194' title='bbox 228 2910 278 2959; x_wconf 73' lang='lat' dir='ltr'>:tta</span> <span class='ocrx_word' id='word_1_195' title='bbox 288 2907 570 2981; x_wconf 62' lang='lat' dir='ltr'>(scilpnrtelpotneriu</span> <span class='ocrx_word' id='word_1_196' title='bbox 583 2908 651 2979; x_wconf 88' lang='lat' dir='ltr'><strong>quod</strong></span> <span class='ocrx_word' id='word_1_197' title='bbox 703 2928 718 2961; x_wconf 78' lang='lat' dir='ltr'>e</span> <span class='ocrx_word' id='word_1_198' title='bbox 729 2909 795 2961; x_wconf 84' lang='lat' dir='ltr'>Mur.</span> <span class='ocrx_word' id='word_1_199' title='bbox 809 2928 839 2961; x_wconf 82' lang='lat' dir='ltr'>ex</span> <span class='ocrx_word' id='word_1_200' title='bbox 847 2929 900 2962; x_wconf 90' lang='lat' dir='ltr'>uno</span> <span class='ocrx_word' id='word_1_201' title='bbox 914 2909 970 2961; x_wconf 87' lang='lat' dir='ltr'>cod.</span> <span class='ocrx_word' id='word_1_202' title='bbox 982 2907 1054 2961; x_wconf 83' lang='lat' dir='ltr'>Pinc.</span> <span class='ocrx_word' id='word_1_203' title='bbox 1066 2908 1148 2961; x_wconf 69' lang='lat' dir='ltr'>Schw-</span> 
     </span>
     <span class='ocr_line' id='line_1_24' title="bbox 135 2984 1218 3055; baseline 0.001 -18"><span class='ocrx_word' id='word_1_204' title='bbox 135 2984 203 3039; x_wconf 86' lang='lat' dir='ltr'>mihi</span> <span class='ocrx_word' id='word_1_205' title='bbox 214 2984 320 3055; x_wconf 84' lang='lat' dir='ltr'>quidem</span> <span class='ocrx_word' id='word_1_206' title='bbox 332 3004 403 3039; x_wconf 77' lang='lat' dir='ltr'>tetus</span> <span class='ocrx_word' id='word_1_207' title='bbox 413 2986 521 3041; x_wconf 86' lang='lat' dir='ltr'>videtur.</span> <span class='ocrx_word' id='word_1_208' title='bbox 533 2987 615 3040; x_wconf 66' lang='lat' dir='ltr'>Scio,</span> <span class='ocrx_word' id='word_1_209' title='bbox 736 2984 871 3051; x_wconf 55' lang='lat' dir='ltr'>illicitum</span> <span class='ocrx_word' id='word_1_210' title='bbox 881 2988 995 3051; x_wconf 82' lang='lat' dir='ltr'>animal,</span> <span class='ocrx_word' id='word_1_211' title='bbox 1002 2985 1097 3038; x_wconf 85' lang='lat' dir='ltr'>etenim</span> <span class='ocrx_word' id='word_1_212' title='bbox 1108 2985 1218 3050; x_wconf 81' lang='lat' dir='ltr'>ratione,</span> 
     </span>
     <span class='ocr_line' id='line_1_25' title="bbox 174 3064 1216 3138; baseline 0.002 -19"><span class='ocrx_word' id='word_1_213' title='bbox 174 3086 196 3119; x_wconf 89' lang='grc' dir='ltr'>ι.</span> <span class='ocrx_word' id='word_1_214' title='bbox 211 3067 311 3120; x_wconf 69' lang='lat' dir='ltr'>Cotem</span> <span class='ocrx_word' id='word_1_215' title='bbox 329 3079 432 3121; x_wconf 83' lang='lat' dir='ltr'>tontum</span> <span class='ocrx_word' id='word_1_216' title='bbox 444 3072 473 3121; x_wconf 87' lang='lat' dir='ltr'>in</span> <span class='ocrx_word' id='word_1_217' title='bbox 489 3090 540 3122; x_wconf 84' lang='lat' dir='ltr'>sna</span> <span class='ocrx_word' id='word_1_218' title='bbox 556 3082 654 3123; x_wconf 82' lang='lat' dir='ltr'>natura</span> <span class='ocrx_word' id='word_1_219' title='bbox 704 3064 890 3138; x_wconf 85' lang='lat' dir='ltr'>ideoqnebono</span> <span class='ocrx_word' id='word_1_220' title='bbox 901 3066 1019 3119; x_wconf 77' lang='lat' dir='ltr'>orbntnrn</span> <span class='ocrx_word' id='word_1_221' title='bbox 1031 3079 1083 3132; x_wconf 80' lang='lat' dir='ltr'>est,</span> <span class='ocrx_word' id='word_1_222' title='bbox 1096 3079 1120 3119; x_wconf 90' lang='lat' dir='ltr'>et</span> <span class='ocrx_word' id='word_1_223' title='bbox 1128 3068 1216 3121; x_wconf 84' lang='lat' dir='ltr'>omnin</span> 
     </span>
     <span class='ocr_line' id='line_1_26' title="bbox 133 3144 1156 3217; baseline -0.002 -20"><span class='ocrx_word' id='word_1_224' title='bbox 133 3144 249 3217; x_wconf 66' lang='lat' dir='ltr'>peffecia</span> <span class='ocrx_word' id='word_1_225' title='bbox 265 3152 334 3197; x_wconf 78' lang='lat' dir='ltr'>sunt.</span> <span class='ocrx_word' id='word_1_226' title='bbox 345 3145 423 3198; x_wconf 82' lang='lat' dir='ltr'>Abest</span> <span class='ocrx_word' id='word_1_227' title='bbox 437 3156 542 3199; x_wconf 78' lang='lat' dir='ltr'>tantum</span> <span class='ocrx_word' id='word_1_228' title='bbox 561 3147 652 3211; x_wconf 85' lang='lat' dir='ltr'>oditis,</span> <span class='ocrx_word' id='word_1_229' title='bbox 703 3166 780 3199; x_wconf 88' lang='lat' dir='ltr'>sensu</span> <span class='ocrx_word' id='word_1_230' title='bbox 790 3144 996 3216; x_wconf 80' lang='lat' dir='ltr'>comprehendit,</span> <span class='ocrx_word' id='word_1_231' title='bbox 1010 3158 1057 3198; x_wconf 83' lang='lat' dir='ltr'>ete.</span> <span class='ocrx_word' id='word_1_232' title='bbox 1067 3144 1156 3196; x_wconf 67' lang='lat' dir='ltr'>Ruit.</span> 
     </span>
     <span class='ocr_line' id='line_1_27' title="bbox 138 3222 1215 3299; baseline 0.001 -23"><span class='ocrx_word' id='word_1_233' title='bbox 138 3244 168 3276; x_wconf 77' lang='lat' dir='ltr'>ex</span> <span class='ocrx_word' id='word_1_234' title='bbox 181 3223 290 3295; x_wconf 80' lang='lat' dir='ltr'>eonjett.</span> <span class='ocrx_word' id='word_1_235' title='bbox 300 3224 409 3297; x_wconf 82' lang='lat' dir='ltr'>positum</span> <span class='ocrx_word' id='word_1_236' title='bbox 419 3223 516 3277; x_wconf 76' lang='lat' dir='ltr'>anobis</span> <span class='ocrx_word' id='word_1_237' title='bbox 526 3244 571 3299; x_wconf 84' lang='lat' dir='ltr'>pro</span> <span class='ocrx_word' id='word_1_238' title='bbox 581 3236 653 3291; x_wconf 85' lang='lat' dir='ltr'>tom,</span> <span class='ocrx_word' id='word_1_239' title='bbox 738 3222 1024 3289; x_wconf 54' lang='lat' dir='ltr'>&amp;comprehendente</span> <span class='ocrx_word' id='word_1_240' title='bbox 1035 3244 1061 3275; x_wconf 85' lang='lat' dir='ltr'>a.</span> <span class='ocrx_word' id='word_1_241' title='bbox 1074 3242 1118 3296; x_wconf 83' lang='lat' dir='ltr'>pro</span> <span class='ocrx_word' id='word_1_242' title='bbox 1127 3240 1198 3276; x_wconf 86' lang='lat' dir='ltr'>more</span> <span class='ocrx_word' id='word_1_243' title='bbox 1208 3242 1215 3277; x_wconf 76' lang='lat' dir='ltr'><strong><em>z</em></strong></span> 
     </span>
     <span class='ocr_line' id='line_1_28' title="bbox 138 3301 966 3375; baseline -0.005 -18"><span class='ocrx_word' id='word_1_244' title='bbox 138 3304 210 3375; x_wconf 81' lang='lat' dir='ltr'>qnod</span> <span class='ocrx_word' id='word_1_245' title='bbox 222 3302 297 3361; x_wconf 74' lang='lat' dir='ltr'>elebat</span> <span class='ocrx_word' id='word_1_246' title='bbox 308 3322 355 3355; x_wconf 86' lang='lat' dir='ltr'>ms.</span> <span class='ocrx_word' id='word_1_247' title='bbox 368 3324 395 3355; x_wconf 86' lang='lat' dir='ltr'>n.</span> <span class='ocrx_word' id='word_1_248' title='bbox 410 3315 434 3355; x_wconf 85' lang='lat' dir='ltr'>et</span> <span class='ocrx_word' id='word_1_249' title='bbox 446 3303 485 3355; x_wconf 86' lang='lat' dir='ltr'>ed.</span> <span class='ocrx_word' id='word_1_250' title='bbox 499 3304 534 3356; x_wconf 78' lang='lat' dir='ltr'>R.</span> <span class='ocrx_word' id='word_1_251' title='bbox 553 3314 596 3355; x_wconf 79' lang='lat' dir='ltr'>ant</span> <span class='ocrx_word' id='word_1_252' title='bbox 609 3322 655 3375; x_wconf 86' lang='lat' dir='ltr'>pro</span> <span class='ocrx_word' id='word_1_253' title='bbox 703 3304 870 3370; x_wconf 73' lang='lat' dir='ltr'>comprendit.</span> <span class='ocrx_word' id='word_1_254' title='bbox 884 3301 966 3356; x_wconf 62' lang='lat' dir='ltr'>Scito.</span> 
     </span>
     <span class='ocr_line' id='line_1_29' title="bbox 138 3378 1217 3453; baseline -0.003 -18"><span class='ocrx_word' id='word_1_255' title='bbox 138 3394 240 3445; x_wconf 79' lang='lat' dir='ltr'>tamen,</span> <span class='ocrx_word' id='word_1_256' title='bbox 256 3380 325 3453; x_wconf 83' lang='lat' dir='ltr'>qnod</span> <span class='ocrx_word' id='word_1_257' title='bbox 337 3380 445 3434; x_wconf 79' lang='lat' dir='ltr'>habebnt</span> <span class='ocrx_word' id='word_1_258' title='bbox 455 3380 495 3433; x_wconf 79' lang='lat' dir='ltr'>etl¹</span> <span class='ocrx_word' id='word_1_259' title='bbox 510 3382 553 3433; x_wconf 86' lang='lat' dir='ltr'>Er.</span> <span class='ocrx_word' id='word_1_260' title='bbox 564 3400 622 3434; x_wconf 86' lang='lat' dir='ltr'>cum</span> <span class='ocrx_word' id='word_1_261' title='bbox 633 3400 654 3436; x_wconf 85' lang='lat' dir='ltr'>c.</span> <span class='ocrx_word' id='word_1_262' title='bbox 737 3378 762 3432; x_wconf 77' lang='lat' dir='ltr'>t.</span> <span class='ocrx_word' id='word_1_263' title='bbox 790 3379 989 3431; x_wconf 83' lang='lat' dir='ltr'>Proeteritorum</span> <span class='ocrx_word' id='word_1_264' title='bbox 1018 3382 1217 3445; x_wconf 73' lang='lat' dir='ltr'>reminiscitur,</span> 
     </span>
     <span class='ocr_line' id='line_1_30' title="bbox 139 3458 1218 3531; baseline -0.006 -15"><span class='ocrx_word' id='word_1_265' title='bbox 139 3474 165 3517; x_wconf 87' lang='lat' dir='ltr'>et</span> <span class='ocrx_word' id='word_1_266' title='bbox 183 3462 221 3513; x_wconf 86' lang='lat' dir='ltr'>A.</span> <span class='ocrx_word' id='word_1_267' title='bbox 239 3460 321 3515; x_wconf 69' lang='lat' dir='ltr'>Scin.</span> <span class='ocrx_word' id='word_1_268' title='bbox 334 3490 368 3501; x_wconf 89' lang='lat'>-</span> <span class='ocrx_word' id='word_1_269' title='bbox 380 3460 476 3513; x_wconf 69' lang='lat' dir='ltr'>Cetera</span> <span class='ocrx_word' id='word_1_270' title='bbox 490 3458 593 3513; x_wconf 79' lang='lat' dir='ltr'>relative</span> <span class='ocrx_word' id='word_1_271' title='bbox 611 3460 654 3512; x_wconf 84' lang='lat' dir='ltr'>sed</span> <span class='ocrx_word' id='word_1_272' title='bbox 704 3478 787 3529; x_wconf 81' lang='lat' dir='ltr'>quom</span> <span class='ocrx_word' id='word_1_273' title='bbox 798 3461 830 3511; x_wconf 83' lang='lat' dir='ltr'>id</span> <span class='ocrx_word' id='word_1_274' title='bbox 839 3459 949 3521; x_wconf 79' lang='lat' dir='ltr'>incidit,</span> <span class='ocrx_word' id='word_1_275' title='bbox 964 3478 1016 3531; x_wconf 76' lang='lat' dir='ltr'>qno</span> <span class='ocrx_word' id='word_1_276' title='bbox 1026 3476 1117 3511; x_wconf 83' lang='lat' dir='ltr'>sensns</span> <span class='ocrx_word' id='word_1_277' title='bbox 1126 3461 1218 3511; x_wconf 83' lang='lat' dir='ltr'><strong>admo·</strong></span> 
     </span>
     <span class='ocr_line' id='line_1_31' title="bbox 139 3538 1219 3612; baseline -0.003 -20"><span class='ocrx_word' id='word_1_278' title='bbox 139 3558 194 3592; x_wconf 90' lang='lat' dir='ltr'>non</span> <span class='ocrx_word' id='word_1_279' title='bbox 208 3538 322 3591; x_wconf 75' lang='lat' dir='ltr'>absolute</span> <span class='ocrx_word' id='word_1_280' title='bbox 335 3541 444 3612; x_wconf 76' lang='lat' dir='ltr'>perlecta</span> <span class='ocrx_word' id='word_1_281' title='bbox 456 3551 515 3591; x_wconf 82' lang='lat' dir='ltr'>snnt</span> <span class='ocrx_word' id='word_1_282' title='bbox 521 3578 530 3602; x_wconf 85' lang='lat'><em>,</em></span> <span class='ocrx_word' id='word_1_283' title='bbox 546 3538 599 3591; x_wconf 85' lang='lat' dir='ltr'>sive</span> <span class='ocrx_word' id='word_1_284' title='bbox 611 3558 656 3591; x_wconf 85' lang='lat' dir='ltr'>se·</span> <span class='ocrx_word' id='word_1_285' title='bbox 703 3545 781 3591; x_wconf 70' lang='lat' dir='ltr'>netur</span> <span class='ocrx_word' id='word_1_286' title='bbox 791 3559 800 3592; x_wconf 91' lang='grc'>.·</span> <span class='ocrx_word' id='word_1_287' title='bbox 812 3549 942 3607; x_wconf 77' lang='lat' dir='ltr'>tanquam</span> <span class='ocrx_word' id='word_1_288' title='bbox 953 3558 1034 3607; x_wconf 71' lang='lat' dir='ltr'>eqnm</span> <span class='ocrx_word' id='word_1_289' title='bbox 1046 3541 1219 3592; x_wconf 77' lang='lat' dir='ltr'>reminiscitur</span> 
     </span>
     <span class='ocr_line' id='line_1_32' title="bbox 141 3618 1218 3688; baseline -0.005 -15"><span class='ocrx_word' id='word_1_290' title='bbox 141 3618 409 3673; x_wconf 76' lang='lat' dir='ltr'>mndnmnniversam</span> <span class='ocrx_word' id='word_1_291' title='bbox 418 3630 534 3670; x_wconf 79' lang='lat' dir='ltr'>naturam</span> <span class='ocrx_word' id='word_1_292' title='bbox 542 3636 599 3688; x_wconf 81' lang='lat' dir='ltr'>qoae</span> <span class='ocrx_word' id='word_1_293' title='bbox 609 3638 657 3670; x_wconf 78' lang='lat' dir='ltr'>ra·</span> <span class='ocrx_word' id='word_1_294' title='bbox 704 3619 770 3683; x_wconf 82' lang='lat' dir='ltr'>vioe,</span> <span class='ocrx_word' id='word_1_295' title='bbox 790 3636 872 3686; x_wconf 80' lang='lat' dir='ltr'><strong><em>quum</em></strong></span> <span class='ocrx_word' id='word_1_296' title='bbox 885 3618 925 3668; x_wconf 85' lang='lat' dir='ltr'>nd</span> <span class='ocrx_word' id='word_1_297' title='bbox 936 3619 1041 3669; x_wconf 81' lang='lat' dir='ltr'>initium</span> <span class='ocrx_word' id='word_1_298' title='bbox 1051 3621 1107 3683; x_wconf 82' lang='lat' dir='ltr'>ejus</span> <span class='ocrx_word' id='word_1_299' title='bbox 1118 3618 1218 3668; x_wconf 83' lang='lat' dir='ltr'>ocimo-</span> 
     </span>
     <span class='ocr_line' id='line_1_33' title="bbox 140 3693 1219 3758; baseline -0.005 -9"><span class='ocrx_word' id='word_1_300' title='bbox 140 3696 244 3754; x_wconf 80' lang='lat' dir='ltr'>tionalis</span> <span class='ocrx_word' id='word_1_301' title='bbox 254 3694 351 3748; x_wconf 81' lang='lat' dir='ltr'>esttita</span> <span class='ocrx_word' id='word_1_302' title='bbox 361 3707 386 3747; x_wconf 89' lang='lat' dir='ltr'>et</span> <span class='ocrx_word' id='word_1_303' title='bbox 397 3706 467 3748; x_wconf 80' lang='lat' dir='ltr'>nrnta</span> <span class='ocrx_word' id='word_1_304' title='bbox 477 3695 598 3748; x_wconf 78' lang='lat' dir='ltr'>animalia</span> <span class='ocrx_word' id='word_1_305' title='bbox 610 3715 657 3747; x_wconf 84' lang='lat' dir='ltr'>ne·</span> <span class='ocrx_word' id='word_1_306' title='bbox 706 3704 807 3747; x_wconf 81' lang='lat' dir='ltr'>tusest.</span> <span class='ocrx_word' id='word_1_307' title='bbox 829 3693 871 3745; x_wconf 85' lang='lat' dir='ltr'>Sic</span> <span class='ocrx_word' id='word_1_308' title='bbox 896 3694 994 3746; x_wconf 82' lang='lat' dir='ltr'>Ernsm.</span> <span class='ocrx_word' id='word_1_309' title='bbox 1015 3694 1149 3758; x_wconf 72' lang='lat' dir='ltr'>Muretus,</span> <span class='ocrx_word' id='word_1_310' title='bbox 1173 3706 1219 3746; x_wconf 89' lang='lat' dir='ltr'>ete.</span> 
     </span>
     <span class='ocr_line' id='line_1_34' title="bbox 141 3773 1220 3846; baseline -0.004 -19"><span class='ocrx_word' id='word_1_311' title='bbox 141 3794 190 3845; x_wconf 86' lang='lat' dir='ltr'>qne</span> <span class='ocrx_word' id='word_1_312' title='bbox 208 3774 281 3826; x_wconf 74' lang='lat' dir='ltr'>hesta</span> <span class='ocrx_word' id='word_1_313' title='bbox 300 3792 352 3826; x_wconf 81' lang='lat' dir='ltr'>esse</span> <span class='ocrx_word' id='word_1_314' title='bbox 364 3810 372 3838; x_wconf 84' lang='lat'>,</span> <span class='ocrx_word' id='word_1_315' title='bbox 385 3792 469 3843; x_wconf 88' lang='lat' dir='ltr'>neque</span> <span class='ocrx_word' id='word_1_316' title='bbox 490 3774 563 3827; x_wconf 75' lang='lat' dir='ltr'>beata</span> <span class='ocrx_word' id='word_1_317' title='bbox 583 3775 655 3840; x_wconf 80' lang='lat' dir='ltr'>vita,</span> <span class='ocrx_word' id='word_1_318' title='bbox 707 3773 791 3826; x_wconf 83' lang='lat' dir='ltr'><strong>codd.</strong></span> <span class='ocrx_word' id='word_1_319' title='bbox 801 3774 919 3839; x_wconf 79' lang='lat' dir='ltr'>turbant,</span> <span class='ocrx_word' id='word_1_320' title='bbox 930 3773 971 3825; x_wconf 81' lang='lat' dir='ltr'>vel</span> <span class='ocrx_word' id='word_1_321' title='bbox 984 3774 1126 3846; x_wconf 82' lang='lat' dir='ltr'>exemplum</span> <span class='ocrx_word' id='word_1_322' title='bbox 1138 3773 1220 3825; x_wconf 89' lang='lat' dir='ltr'>omit-</span> 
     </span>
     <span class='ocr_line' id='line_1_35' title="bbox 89 3850 1218 3925; baseline -0.003 -20"><span class='ocrx_word' id='word_1_323' title='bbox 89 3870 93 3876; x_wconf 90' lang='lat'><em>·</em></span> <span class='ocrx_word' id='word_1_324' title='bbox 142 3850 365 3917; x_wconf 76' lang='lat' dir='ltr'>sensoebsoloto‚</span> <span class='ocrx_word' id='word_1_325' title='bbox 385 3852 435 3902; x_wconf 75' lang='lat' dir='ltr'>frui</span> <span class='ocrx_word' id='word_1_326' title='bbox 454 3866 576 3925; x_wconf 79' lang='lat' dir='ltr'>possunt,</span> <span class='ocrx_word' id='word_1_327' title='bbox 596 3852 657 3923; x_wconf 80' lang='lat' dir='ltr'>qnia</span> <span class='ocrx_word' id='word_1_328' title='bbox 706 3862 781 3917; x_wconf 84' lang='lat' dir='ltr'>tunt,</span> <span class='ocrx_word' id='word_1_329' title='bbox 801 3852 843 3905; x_wconf 87' lang='lat' dir='ltr'>vel</span> <span class='ocrx_word' id='word_1_330' title='bbox 862 3862 1121 3925; x_wconf 85' lang='lat' dir='ltr'>ponunt:tonqnom</span> <span class='ocrx_word' id='word_1_331' title='bbox 1132 3871 1218 3920; x_wconf 77' lang='lat' dir='ltr'>quos,</span> 
     </span>
     <span class='ocr_line' id='line_1_36' title="bbox 141 3927 1221 4001; baseline -0.003 -18"><span class='ocrx_word' id='word_1_332' title='bbox 141 3928 211 3983; x_wconf 81' lang='lat' dir='ltr'>bono</span> <span class='ocrx_word' id='word_1_333' title='bbox 225 3941 320 3983; x_wconf 70' lang='lat' dir='ltr'>carent.</span> <span class='ocrx_word' id='word_1_334' title='bbox 337 3927 429 3981; x_wconf 75' lang='lat' dir='ltr'>Robt.</span> <span class='ocrx_word' id='word_1_335' title='bbox 628 3936 633 3946; x_wconf 80' lang='grc'><em>“</em></span> <span class='ocrx_word' id='word_1_336' title='bbox 705 3939 835 4001; x_wconf 65' lang='grc' dir='ltr'>ωηᾳιιρω</span> <span class='ocrx_word' id='word_1_337' title='bbox 847 3950 956 4000; x_wconf 81' lang='lat' dir='ltr'>qnoque.</span> <span class='ocrx_word' id='word_1_338' title='bbox 974 3929 1025 3981; x_wconf 76' lang='lat' dir='ltr'>sed</span> <span class='ocrx_word' id='word_1_339' title='bbox 1039 3930 1099 3981; x_wconf 87' lang='lat' dir='ltr'>inde</span> <span class='ocrx_word' id='word_1_340' title='bbox 1115 3929 1221 3990; x_wconf 81' lang='lat' dir='ltr'>cuilibet</span> 
     </span>
     <span class='ocr_line' id='line_1_37' title="bbox 175 4004 1219 4082; baseline 0.001 -21"><span class='ocrx_word' id='word_1_341' title='bbox 175 4029 198 4061; x_wconf 81' lang='lat'>2.</span> <span class='ocrx_word' id='word_1_342' title='bbox 211 4008 248 4061; x_wconf 84' lang='lat' dir='ltr'>In</span> <span class='ocrx_word' id='word_1_343' title='bbox 259 4018 333 4062; x_wconf 84' lang='lat' dir='ltr'>muto</span> <span class='ocrx_word' id='word_1_344' title='bbox 343 4012 460 4062; x_wconf 80' lang='lat' dir='ltr'>animoli</span> <span class='ocrx_word' id='word_1_345' title='bbox 471 4028 522 4061; x_wconf 84' lang='lat' dir='ltr'>non</span> <span class='ocrx_word' id='word_1_346' title='bbox 537 4020 576 4063; x_wconf 84' lang='lat' dir='ltr'>est</span> <span class='ocrx_word' id='word_1_347' title='bbox 587 4046 594 4074; x_wconf 91' lang='lat'><em>,</em></span> <span class='ocrx_word' id='word_1_348' title='bbox 607 4030 658 4081; x_wconf 75' lang='lat' dir='ltr'>qno</span> <span class='ocrx_word' id='word_1_349' title='bbox 706 4004 891 4082; x_wconf 64' lang='lat' dir='ltr'>patotrieqnns</span> <span class='ocrx_word' id='word_1_350' title='bbox 898 4028 912 4059; x_wconf 77' lang='lat' dir='ltr'>a</span> <span class='ocrx_word' id='word_1_351' title='bbox 919 4028 997 4061; x_wconf 81' lang='lat' dir='ltr'>mann</span> <span class='ocrx_word' id='word_1_352' title='bbox 1005 4008 1111 4062; x_wconf 74' lang='lat' dir='ltr'>auctoris</span> <span class='ocrx_word' id='word_1_353' title='bbox 1119 4028 1178 4059; x_wconf 89' lang='lat' dir='ltr'>esse.</span> <span class='ocrx_word' id='word_1_354' title='bbox 1185 4010 1219 4062; x_wconf 86' lang='lat' dir='ltr'>Il.</span> 
     </span>
     <span class='ocr_line' id='line_1_38' title="bbox 142 4086 1219 4157; baseline -0.002 -17"><span class='ocrx_word' id='word_1_355' title='bbox 142 4088 221 4140; x_wconf 78' lang='lat' dir='ltr'>beata</span> <span class='ocrx_word' id='word_1_356' title='bbox 232 4090 289 4139; x_wconf 83' lang='lat' dir='ltr'>vito</span> <span class='ocrx_word' id='word_1_357' title='bbox 303 4086 424 4157; x_wconf 78' lang='lat' dir='ltr'>efficitur.</span> <span class='ocrx_word' id='word_1_358' title='bbox 436 4086 479 4141; x_wconf 90' lang='lat' dir='ltr'>Sic</span> <span class='ocrx_word' id='word_1_359' title='bbox 491 4088 547 4141; x_wconf 75' lang='lat' dir='ltr'>edd.</span> <span class='ocrx_word' id='word_1_360' title='bbox 561 4108 575 4140; x_wconf 81' lang='lat' dir='ltr'>a</span> <span class='ocrx_word' id='word_1_361' title='bbox 587 4090 657 4141; x_wconf 83' lang='lat' dir='ltr'>Mor.</span> <span class='ocrx_word' id='word_1_362' title='bbox 742 4109 764 4157; x_wconf 85' lang='lat'>7.</span> <span class='ocrx_word' id='word_1_363' title='bbox 773 4089 859 4141; x_wconf 80' lang='lat' dir='ltr'>Nullo</span> <span class='ocrx_word' id='word_1_364' title='bbox 870 4090 918 4140; x_wconf 83' lang='lat' dir='ltr'>iili.</span> <span class='ocrx_word' id='word_1_365' title='bbox 926 4088 1001 4140; x_wconf 77' lang='lat' dir='ltr'>Hanc</span> <span class='ocrx_word' id='word_1_366' title='bbox 1009 4088 1143 4141; x_wconf 85' lang='lat' dir='ltr'>lectionem</span> <span class='ocrx_word' id='word_1_367' title='bbox 1153 4090 1219 4146; x_wconf 83' lang='lat' dir='ltr'>oioe.</span> 
     </span>
     <span class='ocr_line' id='line_1_39' title="bbox 144 4162 1221 4241; baseline -0.002 -24"><span class='ocrx_word' id='word_1_368' title='bbox 144 4184 174 4217; x_wconf 85' lang='lat' dir='ltr'>ex</span> <span class='ocrx_word' id='word_1_369' title='bbox 196 4184 250 4219; x_wconf 89' lang='lat' dir='ltr'>nno</span> <span class='ocrx_word' id='word_1_370' title='bbox 267 4164 355 4219; x_wconf 85' lang='lat' dir='ltr'>codice</span> <span class='ocrx_word' id='word_1_371' title='bbox 373 4165 490 4218; x_wconf 82' lang='lat' dir='ltr'>Pineinni</span> <span class='ocrx_word' id='word_1_372' title='bbox 507 4166 548 4219; x_wconf 89' lang='lat' dir='ltr'>cni</span> <span class='ocrx_word' id='word_1_373' title='bbox 562 4166 658 4219; x_wconf 79' lang='lat' dir='ltr'>snllra-</span> <span class='ocrx_word' id='word_1_374' title='bbox 708 4166 805 4241; x_wconf 67' lang='lat' dir='ltr'>ecodd.</span> <span class='ocrx_word' id='word_1_375' title='bbox 813 4166 1153 4237; x_wconf 78' lang='lat' dir='ltr'>plurimisrednxi,qnnmin</span> <span class='ocrx_word' id='word_1_376' title='bbox 1163 4162 1221 4217; x_wconf 84' lang='lat' dir='ltr'>edd.</span> 
     </span>
     <span class='ocr_line' id='line_1_40' title="bbox 144 4244 977 4316; baseline 0.004 -22"><span class='ocrx_word' id='word_1_377' title='bbox 144 4256 217 4316; x_wconf 70' lang='lat' dir='ltr'>gatru·</span> <span class='ocrx_word' id='word_1_378' title='bbox 231 4246 325 4299; x_wconf 78' lang='lat' dir='ltr'>Noster</span> <span class='ocrx_word' id='word_1_379' title='bbox 335 4264 356 4300; x_wconf 81' lang='lat' dir='ltr'>c·</span> <span class='ocrx_word' id='word_1_380' title='bbox 374 4244 450 4299; x_wconf 79' lang='lat' dir='ltr'>Abeo</span> <span class='ocrx_word' id='word_1_381' title='bbox 471 4266 521 4315; x_wconf 75' lang='lat' dir='ltr'>qno</span> <span class='ocrx_word' id='word_1_382' title='bbox 537 4265 584 4298; x_wconf 88' lang='lat' dir='ltr'>ros.</span> <span class='ocrx_word' id='word_1_383' title='bbox 597 4266 623 4298; x_wconf 87' lang='grc' dir='ltr'>α.</span> <span class='ocrx_word' id='word_1_384' title='bbox 635 4258 658 4298; x_wconf 92' lang='lat' dir='ltr'>et</span> <span class='ocrx_word' id='word_1_385' title='bbox 707 4245 809 4299; x_wconf 78' lang='lat' dir='ltr'>deliciet</span> <span class='ocrx_word' id='word_1_386' title='bbox 821 4249 871 4314; x_wconf 84' lang='lat' dir='ltr'>iili.</span> <span class='ocrx_word' id='word_1_387' title='bbox 887 4245 977 4297; x_wconf 65' lang='lat' dir='ltr'>Roth.</span> 
     </span>
    </p>
   </div>
   <div class='ocr_carea' id='block_1_6' title="bbox 0 0 1498 4934">
    <p class='ocr_par' dir='ltr' id='par_1_9' title="bbox 0 0 1498 4934">
     <span class='ocr_line' id='line_1_41' title="bbox 0 0 1498 4934; baseline 0 0"><span class='ocrx_word' id='word_1_388' title='bbox 0 0 1498 4934; x_wconf 95' lang='lat' dir='ltr'> </span> 
     </span>
    </p>
   </div>
  </div>
 </body>
</html>
