2950 4934
364 400 433 467 622
735 395 756 462 J
764 392 884 467 USTI
907 394 1066 465 LlPSll

360 530 447 621 liujus
459 538 583 614 blandi,
600 538 752 600 amomon
768 541 798 599 in
813 560 844 599 se
858 560 973 599 omnem
983 540 1153 613 essentiam,
1172 560 1344 621 rursmnque
1360 563 1394 601 ex
1407 564 1431 601 se

360 668 512 730 generans.
529 672 544 699 ιι
560 644 712 721 Quomodo
728 659 825 705 autern
840 644 916 705 idem
932 644 1052 726 perdat,
1079 657 1107 705 ct
1127 660 1261 727 generet,
1278 644 1430 707 videamus.

320 750 325 761 '
360 754 466 813 Omnia
478 755 538 832 jam
553 752 654 835 Ignis,
670 763 703 812 ut
718 754 801 828 dixi,
818 752 871 812 sed
889 750 1040 826 turbidus,
1061 753 1183 811 materiae
1196 753 1327 827 mixtus,
1344 766 1372 812 et
1386 753 1433 811 sn-

358 860 492 921 enlentus
511 882 520 917 ε
538 870 634 919 umen
657 860 752 943 ignir;
776 858 897 939 ideoque
921 858 1035 931 tenuis,
1054 870 1082 917 et
1099 856 1278 931 diffunditur,
1301 871 1331 918 et
1351 872 1432 917 toturn

360 957 415 1027 boc
428 966 551 1041 Mundi,
568 968 619 1048 qui
635 966 707 1039 tuit,
725 967 850 1048 spatium
865 978 1001 1047 occupat,
1024 966 1112 1025 immo
1127 978 1155 1025 et
1170 966 1262 1027 Vucui
1277 980 1361 1027 extra
1376 990 1454 1037 eum,

359 1076 506 1157 regionem
529 1074 639 1155 implet.
667 1072 711 1132 lta
731 1072 819 1132 Stoici
839 1072 982 1145 tradunt,
1005 1084 1035 1131 et
1053 1071 1107 1132 hoc
1130 1075 1214 1133 etiam
1236 1074 1295 1133 line
1309 1074 1431 1133 Vacuum

358 1193 482 1263 ponem.
499 1179 666 1241 Plutarchus
681 1180 837 1239 clarissime
852 1178 915 1261 (Dc
937 1179 1088 1239 Commun.
1107 1178 1196 1260 Not.)
1211 1204 1219 1238 ε
1238 1208 1251 1235 α
1271 1180 1376 1263 Ignem
1389 1204 1432 1239 se-

360 1310 429 1348 men
441 1290 522 1349 aium
531 1286 635 1347 Mundi
649 1310 657 1358 ;
673 1298 775 1367 etpost
787 1286 976 1345 Exustionem
989 1330 997 1359 ,
1011 1298 1121 1344 mutare
1135 1285 1279 1347 Mundum
1293 1310 1311 1347 e
1323 1310 1432 1369 corpore

360 1396 493 1467 minore,
509 1392 660 1453 habentem
675 1394 735 1471 jam
750 1392 868 1451 tumoris
884 1403 913 1451 et
928 1390 1125 1474 amplitudinis
1138 1393 1261 1451 mtrltum
1277 1436 1286 1465 ,
1306 1404 1335 1453 et
1352 1394 1430 1453 l'acui

360 1501 507 1581 regionem
529 1499 699 1558 immensam
720 1511 930 1580 occupantem,
952 1520 1015 1578 quac
1031 1498 1091 1579 ipsa
1108 1510 1229 1579 angusta
1250 1496 1328 1558 sacta
1343 1500 1377 1558 sit
1391 1501 1431 1558 illo

361 1617 514 1687 unguento
530 1628 538 1663 z
555 1626 726 1685 rursumque
748 1626 836 1685 quum
859 1604 984 1687 gignitur
1003 1602 1147 1677 Mundus,
1176 1604 1285 1663 sensim
1313 1606 1389 1665 abire
1409 1620 1431 1664 ct

360 1710 465 1771 collabi
481 1711 728 1793 magnitudinem,
758 1710 898 1770 subeunte
913 1710 1037 1781 scilicet,
1055 1732 1143 1791 quum
1159 1712 1310 1793 generatio
1325 1714 1429 1779 existit,

361 1832 390 1878 et
404 1818 589 1877 contrahente
605 1838 635 1877 se
651 1818 681 1876 in
697 1818 820 1899 seipsam
836 1814 969 1876 Materic.
989 1843 1002 1868 ι
1023 1816 1122 1876 Vacuo
1137 1816 1225 1898 igitur
1245 1818 1308 1897 jam
1333 1819 1429 1899 pleno,

361 1927 398 1984 sit
411 1925 548 2006 paulatim
558 1922 696 2007 (Ratione
707 1922 943 2005 administrante)
957 1922 1122 2005 depuratio;
1141 1937 1169 1983 et
1181 1952 1194 1977 ιι
1209 1926 1336 1985 vertitur
1350 1928 1431 1984 omnis

360 2033 517 2093 substantia
527 2035 558 2091 in
570 2035 693 2105 Aerem,
705 2032 811 2093 deinde
823 2034 852 2092 in
866 2032 1024 2093 Humorem
1038 2032 1096 2115 (ex
1107 2032 1220 2093 Laertio
1233 2048 1302 2093 ante
1313 2034 1393 2093 docui
1402 2034 1428 2115 ):

361 2152 390 2198 et
404 2152 465 2197 tum
480 2137 629 2199 Elementa
643 2153 671 2198 et
685 2140 812 2199 Mundus
828 2142 993 2223 gignuntur.
1013 2166 1026 2192 ιι
1044 2138 1101 2199 Sed
1117 2142 1155 2198 ita
1172 2140 1202 2197 in
1219 2142 1335 2221 Aquam
1347 2142 1429 2199 omnia

361 2256 521 2317 vertuntur,
536 2257 569 2303 ut
589 2246 662 2305 scire
680 2246 785 2305 debeas
801 2258 948 2306 excretum
965 2246 1044 2305 illurn
1061 2244 1247 2327 purissimum
1263 2244 1368 2327 Ignem
1386 2268 1430 2304 su-

361 2374 495 2432 peresse,
512 2354 561 2434 qui
584 2366 668 2435 agat,
685 2366 818 2427 movent,
837 2366 864 2414 et
880 2354 1032 2412 Materiam
1046 2376 1097 2433 per
1119 2374 1151 2411 se
1176 2354 1301 2413 inertem
1323 2356 1428 2413 animet.
1458 2416 1459 2422 χ

362 2455 444 2516 Pbilo
453 2470 553 2532 notat,
566 2458 674 2518 Stoicos
684 2459 737 2518 boc
755 2473 836 2519 caute
848 2458 1012 2532 monuisse,
1031 2486 1044 2511 ιι
1059 2457 1137 2539 quod
1150 2471 1215 2540 post
1230 2456 1429 2525 Exustiouem,

361 2584 451 2645 quum
465 2586 556 2625 novus
570 2566 698 2625 Mundus
712 2564 797 2625 condi
815 2564 917 2639 debet,
941 2567 1033 2625 omnis
1054 2566 1128 2647 ignis
1143 2588 1200 2624 non
1218 2568 1407 2649 exstinguitur
1422 2590 1428 2621 :

361 2672 412 2732 sed
423 2672 568 2755 aliquanta
577 2674 738 2753 ejusportio
747 2685 853 2732 manet.
869 2699 882 2725 ι
891 2672 1135 2731 Causamsubdit=
1148 2698 1161 2725 ιι
1173 2672 1269 2733 Valde
1275 2675 1355 2733 enim
1362 2696 1431 2731 rere·

272 2798 276 2804 '
360 2778 476 2851 bantur,
489 2800 526 2838 ne
540 2780 618 2838 omni
634 2800 667 2838 eo
684 2780 883 2851 interstincto,
900 2792 1028 2839 maneret
1044 2780 1175 2838 materies
1191 2782 1311 2860 quieta,
1326 2783 1430 2863 ignara.

361 2888 460 2968 inepta
476 2886 617 2957 condere,
634 2908 724 2967 quum
741 2908 825 2945 causa
849 2898 943 2945 motus
962 2909 1019 2945 non
1036 2898 1119 2945 esset.
1142 2914 1155 2937 ι
1174 2888 1258 2967 Aqua
1276 2889 1366 2969 igitur
1381 2902 1433 2969 post
1456 2911 1457 2928 ι

362 2994 484 3074 Ignem,
500 2992 552 3052 sed
567 3012 626 3052 non
642 2994 705 3052 sine
720 2994 832 3074 reliquo
848 2994 924 3074 igne.
942 2992 1006 3051 lloc
1021 3004 1081 3067 est,
1097 2992 1174 3073 quod
1188 2999 1374 3075 κατακλυσμὸν
1385 2999 1432 3053 sire

361 3096 502 3159 Dr'luoriem
527 3098 666 3158 Firmicus
690 3121 793 3159 vocare
810 3100 933 3173 ridetur,
955 3100 985 3156 in
1008 3098 1102 3158 verbis
1122 3122 1185 3181 qum
1202 3100 1259 3159 alio
1282 3103 1372 3161 etiam
1388 3104 1432 3159 linc

361 3226 448 3286 supra
470 3206 547 3267 dedi.
564 3207 639 3267 Nam
654 3207 749 3289 palam
766 3206 805 3265 ait
830 3230 837 3265 r
863 3235 876 3259 ιι
892 3204 1052 3288 Ecpyrosin
1076 3207 1273 3288 Cataclysmus
1292 3212 1431 3291 sequium

362 3312 441 3371 nulla
459 3315 534 3372 enim
549 3336 581 3373 rc
599 3314 654 3373 alia
670 3327 777 3373 exuste
790 3334 835 3373 res
850 3326 982 3395 poterant
996 3316 1124 3387 renasci,
1140 3336 1194 3374 nec
1209 3316 1269 3374 ulla
1285 3338 1320 3376 re
1336 3318 1389 3376 alia
1405 3312 1432 3373 nl

361 3420 510 3499 pristinum
533 3420 635 3480 faeiem
659 3421 836 3503 formamque
861 3422 1010 3496 revocari,
1040 3423 1095 3481 nisi
1112 3422 1331 3483 admixtiones¹
1362 3437 1432 3505 atquc

362 3538 511 3587 concretus
523 3526 684 3587 favillarum
700 3528 793 3609 pulvis
808 3530 936 3589 omnium
953 3530 1120 3611 genitalium
1137 3532 1281 3591 seminum
1295 3533 1431 3592 collectam

361 3636 525 3716 conciperet
535 3634 760 3697 foecunditatem.
776 3662 790 3689 ιι
804 3637 868 3696 Non
881 3636 958 3695 aliud
969 3636 1117 3717 equidem,
1130 3636 1177 3697 vel
1189 3659 1205 3697 e
1216 3638 1336 3713 verbis,
1348 3639 1393 3698 rel
1405 3656 1430 3693 ex

363 3744 473 3803 ratione
482 3742 577 3803 addita
586 3744 706 3826 colligo,
720 3765 807 3825 quam
817 3744 1032 3804 conversionem
1044 3740 1161 3803 illumin
1173 3744 1301 3825 Aquam,
1316 3745 1432 3821 catacly-

363 3871 456 3909 smum
470 3850 507 3909 ab
522 3871 556 3909 eo
573 3849 629 3937 dici
646 3874 654 3909 =
673 3862 759 3931 atque
775 3850 814 3909 ita
836 3849 906 3910 dilui
927 3849 1096 3931 pulverem,
1111 3862 1140 3911 et
1156 3852 1300 3911 mixtione
1316 3850 1431 3910 bimam-'a
1452 3916 1453 3940 ,

363 3957 494 4039 ignisque
508 3955 676 4016 ioecundnri.
699 3954 772 4017 Satis
787 3956 824 4017 de
845 3956 930 4019 modo
948 3982 956 4017 t
972 3959 1089 4019 tertium
1104 3970 1256 4040 superest,
1277 3958 1348 4041 Quo
1354 3955 1431 4039 fitz-³

397 4182 406 4213 ¹
417 4182 522 4248 legam
534 4180 661 4232 maruno
672 4192 749 4231 erret.
