2950 4934
265 481 517 552 rnrsrun
536 480 785 553 stomun.
810 481 913 553 um.
938 485 966 555 1,
1084 483 1151 571 sss

86 627 202 713 plotus,
214 640 244 689 et
255 627 293 688 cd
306 624 443 687 Amnum
452 623 587 687 Mennis
597 638 619 700 ἓ,
631 627 772 688 malcrum
784 647 899 688 causam
913 627 1039 702 Plutoni,
1052 625 1154 710 adspi-

85 738 179 810 ciens,
192 736 245 796 etsi
260 734 459 808 Christianus,
474 735 516 793 ita
528 733 626 794 tradit.
641 759 656 788 s
667 733 844 817 Angelorum
854 779 865 808 ,
875 736 988 818 inquit,
1006 736 1055 796 elii
1065 757 1154 796 man-

85 863 147 903 sere
156 842 254 924 qsrsles
264 865 282 901 a
291 839 518 901 Deuiacticrant
528 837 635 914 ‚Boni,
647 840 1131 903 etmunernsuafideliteruurantes
1145 865 1153 915 ;

86 949 143 1020 atii,
151 969 198 1007 res
211 947 267 1008 sibi
280 945 401 1007 creditas
415 947 585 1029 proterviter
597 946 771 1021 habuerim,
784 960 813 1006 et
828 969 845 1008 a
858 946 922 1008 Deo
937 946 1105 1008 desecemnt
1115 969 1124 1006 s
1136 972 1151 1000 »

86 1052 136 1114 Isti
151 1053 287 1128 fuerunt,
306 1077 320 1106 ι
333 1053 460 1114 Materiae
474 1064 503 1112 et
515 1053 682 1114 Formarum
695 1054 727 1114 in
741 1075 776 1114 ea
788 1054 925 1137 Princeps
941 1053 1111 1127 collector,
1127 1065 1157 1112 et

86 1159 133 1219 alii
145 1161 197 1242 qui
213 1161 289 1221 cirea
306 1161 432 1242 primum
439 1172 452 1198 ²
464 1157 519 1218 bue
528 1160 738 1220 firmamentum
749 1172 841 1220 erum.
854 1183 870 1213 o
880 1159 1049 1241 ltcnnnque
1057 1170 1157 1241 postes

85 1276 179 1339 vocat,
192 1293 206 1319 ι
216 1265 342 1326 Materies
356 1263 519 1346 Principem
531 1287 540 1324 ε
557 1278 643 1348 atque
657 1267 738 1326 illum
753 1265 808 1326 Dei
824 1265 962 1341 bonitati,
978 1285 1030 1324 sua
1046 1285 1157 1346 pruen-

86 1373 194 1432 rctiune
208 1383 237 1432 et
250 1371 494 1432 administratione
506 1414 515 1444 ,
531 1371 686 1432 adversari.
697 1391 720 1435 ‚s
738 1371 871 1432 Procedit
888 1371 1001 1454 longius
1015 1413 1025 1444 ,
1047 1383 1077 1431 ct
1091 1371 1131 1430 ait
1146 1394 1155 1430 s

87 1505 102 1532 ι
116 1478 255 1560 quosdam
271 1479 405 1551 existis,
431 1490 528 1559 ceptus
552 1499 650 1538 umore
664 1478 826 1560 virginum,
851 1490 881 1538 et
901 1476 1022 1538 libidine
1043 1477 1156 1554 vietus,

85 1583 233 1645 deiecisse.
252 1583 301 1644 Ex
314 1585 420 1667 quibus
441 1580 602 1666 Gigantes,
625 1584 677 1666 qui
698 1596 847 1658 vocantur,
864 1585 925 1644 uati
942 1585 1024 1644 sinte
1043 1605 1159 1644 eurum-

85 1711 141 1771 que
154 1688 313 1773 Gigantum
335 1691 457 1762 anime,
473 1690 550 1750 cirea
565 1702 672 1750 terram
685 1691 869 1750 obversantes
885 1731 895 1764 ,
917 1702 1011 1750 motus
1026 1691 1159 1750 affectio-

85 1817 192 1878 nesque
202 1797 309 1856 simsses
321 1807 474 1878 paronam
481 1815 598 1856 suorum
612 1796 709 1856 edant.
725 1822 741 1850 ι
754 1797 846 1856 lmmo
856 1809 885 1856 et
893 1795 987 1856 Latini
1001 1797 1091 1879 aliqui
1103 1819 1160 1858 ve-

85 1905 216 1962 ttutiures
238 1903 270 1961 in
295 1901 349 1961 buc
372 1921 481 1970 sensuit
503 1913 537 1960 ut
560 1899 723 1961 Lactantius
748 1925 757 1960 ε
786 1927 800 1956 s
815 1901 894 1961 Deus
919 1902 1045 1985 Angelus
1058 1905 1158 1978 misit,

84 2007 257 2090 inquit(lib.
275 2007 305 2068 ll
318 2051 327 2081 ,
342 2029 406 2089 cap.
428 2003 505 2089 15),
523 2006 560 2066 ad
575 2008 874 2090 tutelamcnlt'uinqne
890 2010 1003 2091 generis
1019 2007 1159 2080 bomani;

85 2113 135 2174 sed
147 2116 213 2174 illos
225 2156 235 2189 ,
250 2135 317 2174 cum
332 2113 496 2174 bominibus
507 2125 733 2188 numerantes,
750 2113 916 2175 dominator.
925 2115 974 2175 illc
986 2127 1066 2176 terre
1080 2115 1160 2176 tana:
1182 2113 1189 2124 '

85 2221 213 2282 cissimm
235 2219 385 2302 paullatim
408 2218 448 2278 nd
467 2219 538 2278 vitia
560 2219 698 2300 pellexit,
723 2232 753 2281 et
773 2221 927 2298 mulierum
961 2223 1160 2304 congressibus

85 2327 253 2408 inquinavit.
268 2327 344 2386 Tum
354 2326 385 2383 in
398 2325 506 2385 Celum
515 2325 679 2405 obpeccata
691 2367 700 2398 ‚
712 2326 817 2406 quibus
827 2346 859 2386 se
869 2327 1086 2401 immerserant,
1100 2349 1159 2388 nun
1261 2377 1267 2382 .

83 2434 211 2516 recepti,
237 2432 403 2493 cecideruut
417 2433 448 2490 in
464 2431 602 2491 Terrams.
619 2431 666 2492 Sic
686 2452 735 2490 cus
759 2431 896 2494 Diabolus
920 2454 958 2494 ex
975 2435 1083 2517 angelis
1100 2433 1157 2494 Dei

84 2559 147 2598 suus
162 2539 233 2599 iecit
244 2537 379 2598 satellites
394 2559 427 2597 ae
442 2538 597 2596 ministros.
612 2536 670 2610 Qui
684 2549 780 2597 entem
796 2551 863 2598 sunt
880 2559 916 2597 ex
930 2538 975 2598 bis
990 2541 1132 2621 procreati
1147 2584 1155 2614 ,

83 2646 148 2726 quia
159 2665 259 2726 neque
273 2644 394 2726 Angeli,
409 2663 504 2725 nuque
522 2641 662 2701 llumines
676 2641 813 2716 fuerunt,
834 2641 886 2702 sed
900 2643 1026 2703 medium
1048 2667 1157 2726 quam-

83 2749 301 2817 damNaturnm
314 2760 467 2832 gerentes,
482 2769 542 2808 non
555 2759 623 2832 sunt
635 2746 673 2806 sd
687 2744 798 2808 lusurus
814 2749 942 2830 recepti,
958 2750 1031 2807 sicut
1049 2771 1102 2810 nec
1123 2751 1154 2811 in

83 2857 189 2917 Culum
203 2868 337 2939 parentes
359 2857 498 2936 ipsorum.
517 2854 561 2913 Ita
575 2852 633 2912 dero
646 2874 753 2936 genere
776 2853 944 2915 Dumunum
967 2867 1035 2916 sunt
1058 2855 1154 2931 lacta,

82 2987 170 3025 unum
185 2965 321 3037 Caeleste,
338 2964 460 3022 alterum
474 2961 644 3020 Terrenum.
660 2985 674 3013 o
692 2960 760 3042 Ipsa
775 2960 833 3020 lmu
849 2961 917 3020 talia
930 2960 1060 3022 lustinus
1073 2961 1155 3023 Mar·

81 3082 146 3149 tyr,
178 3071 311 3131 Clemens
334 3067 562 3140 Alexandrinus,
585 3063 747 3140 Eusebius,
771 3066 983 3142 Tertullianus,
1012 3067 1154 3152 Sulpicius

80 3176 199 3238 Severus
213 3199 222 3234 τ
239 3198 255 3236 e
269 3176 374 3258 quibus
391 3173 533 3234 Eusebius
549 3173 635 3233 etiam
649 3172 799 3232 Puetumm
813 3173 937 3234 iubtslnm
950 3174 986 3235 de
996 3173 1152 3258 Gigantum

79 3283 235 3342 rebellione
248 3283 321 3364 petit
335 3294 364 3342 et
387 3281 475 3340 ducit.
492 3280 605 3340 Horum
625 3279 716 3360 igitur
734 3300 841 3354 sensu,
858 3279 965 3361 duplex
982 3279 1150 3344 Desmontem

80 3387 194 3470 lapsus,
212 3399 241 3446 ct
265 3386 393 3447 diseretis
415 3385 590 3466 temporibus
605 3406 614 3442 a
630 3384 702 3444 ulter
715 3385 810 3444 statim
832 3386 914 3446 initio
936 3386 1062 3459 Mundi;
1081 3390 1153 3450 alter

80 3496 148 3569 iste,
165 3495 263 3576 paullo
277 3505 344 3552 ante
358 3492 521 3564 murium,
537 3502 571 3550 ut
584 3491 709 3550 namtiu
722 3489 833 3570 Moysis
848 3490 941 3552 ducet.
958 3492 1048 3554 Vides
1064 3497 1149 3555 etiam
1261 3557 1264 3566 ,

78 3601 144 3659 istos
157 3598 255 3681 polam
269 3599 427 3681 genituram
442 3594 542 3655 Geniis
555 3595 734 3670 adscribere,
751 3607 780 3656 et
794 3594 917 3658 foeminis
928 3600 1070 3682 jungere,
1086 3623 1150 3662 eas-
1172 3613 1177 3620 '

78 3729 134 3786 que
148 3705 271 3787 implere
285 3728 294 3762 ε
310 3703 375 3763 aliis
388 3702 540 3784 Tbeulugis
555 3699 665 3762 fortiter
678 3714 824 3785 negatum.
840 3703 982 3785 Exempln
999 3718 1048 3766 aut
1063 3709 1149 3769 testi-

78 3815 175 3872 muuia
190 3814 276 3872 etiem
289 3809 375 3870 bodie
389 3807 479 3867 multa
492 3807 560 3866 illuc
579 3820 649 3868 eunt
664 3831 673 3866 =
690 3810 814 3870 rationes
828 3810 972 3886 abnuunt,
985 3825 1015 3872 et
1027 3812 1149 3896 Spiritus

79 3921 101 3980 si
116 3920 195 3992 sint,
211 3915 290 3977 unde
304 3916 339 3974 iis
357 3935 476 3987 semen,
493 3924 593 3993 etqua
615 3912 786 3975 effundant?
801 3914 839 3974 At
853 3918 994 3998 corporati
1015 3931 1102 3998 sunt,
1120 3931 1149 3980 et

111 4160 121 4188 ¹
133 4159 214 4224 Supra
225 4191 232 4216 ,
243 4155 343 4204 Dissert.
353 4156 390 4203 ne
398 4156 532 4205 Resunect.

109 4249 123 4279 ¹
137 4244 229 4296 Tem
238 4246 393 4314 prusinum.

176 4341 237 4408 lv.
