2950 4934
259 430 504 501 PHYSIOL.
531 430 784 503 STOICOR.
811 434 908 503 LIB.
935 436 1014 503 lll.
1108 440 1176 534 659

97 580 196 640 Palam
209 579 313 650 sentit,
329 577 408 659 qnod
423 575 533 635 Plinius
546 574 616 659 (lib.
634 576 716 652 vlt,
733 600 798 660 cap.
815 578 872 661 55)
889 602 896 639 t
916 608 929 634 a
942 580 1083 643 Omnibus
1098 606 1113 643 a
1127 605 1179 643 su·

95 709 199 769 premo
220 686 268 746 die
288 684 407 757 eadmn,
424 706 488 766 quae
503 695 570 743 unte
583 685 730 764 primum:
744 707 799 744 nec
820 688 911 768 magis
931 710 948 747 a
970 701 1061 749 morte
1079 711 1178 751 sensus

96 796 192 867 nllus,
207 806 257 853 aut
270 794 401 873 corpori,
418 804 468 851 aut
483 791 609 865 Anime,
626 813 714 871 qnam
730 804 797 852 ante
816 794 951 855 natalem.
968 822 982 849 o
1000 796 1092 873 Quem
1112 812 1180 859 sunt

97 903 151 983 qui
166 902 222 960 boc
237 910 405 982 argumento
419 896 595 979 Epicureum
612 897 722 957 iaciunt
736 922 744 956 ε
759 920 843 959 vane.
859 900 967 975 Quidni
982 904 1060 961 enim
1080 915 1108 961 et
1125 902 1180 964 Se-

98 1026 171 1065 neca
184 1005 250 1065 talis
266 1002 322 1064 sit?
336 1026 404 1063 nam
420 1003 469 1063 ille
484 1005 588 1062 iterum
612 1000 675 1083 (ad
687 1003 781 1063 Marc.
799 1026 862 1087 cap.
886 1005 943 1090 19)
965 1030 973 1064 t
999 1034 1012 1061 u
1026 1008 1104 1067 Mors
1127 1030 1179 1068 nos

99 1112 131 1171 in
149 1112 227 1171 illam
247 1110 500 1190 tranquillitatem,
519 1110 549 1167 in
565 1128 622 1190 qua
644 1122 798 1190 autequam
818 1132 1002 1173 nasceremur
1020 1115 1180 1192 jacuimus,

98 1220 223 1299 reponit.
244 1244 258 1271 n
274 1214 430 1298 Euripides
446 1214 504 1275 hac
516 1217 600 1298 ipsas
620 1234 626 1243 ·

269 1346 305 1396 'lb
316 1346 348 1413 μὴ
361 1345 464 1407 yssiodus
476 1349 508 1415 τῷ
518 1341 662 1397 &assisiens
674 1346 740 1408 lr'yo·

272 1439 328 1487 tton
336 1452 387 1485 csse
398 1442 500 1496 numm,
513 1442 539 1485 et
550 1442 676 1485 mortuum
688 1454 757 1497 csse,
772 1436 838 1487 idem
850 1442 921 1506 puto.
935 1436 1081 1507 (Tmedib.)

99 1550 234 1630 Denique
249 1547 317 1606 alibi
337 1546 444 1607 Seneca
465 1548 658 1626 conqueritur,
686 1573 699 1600 ι(
713 1546 911 1608 AEternitatcm
932 1550 1092 1610 animorum
1109 1574 1183 1635 pro-

99 1658 175 1716 mitti
193 1657 284 1739 magis
299 1676 316 1713 a
329 1655 441 1737 magnis
457 1654 545 1727 viris,
564 1676 650 1735 qnam
669 1655 821 1735 probari.»
844 1656 933 1716 Audis
955 1656 1114 1733 dicentem,
1129 1682 1183 1721 ne-

97 1775 234 1847 gantem,
252 1760 448 1823 dubitantem?
462 1758 566 1819 Omnia
577 1772 673 1819 tamen
687 1763 718 1820 in
734 1761 865 1822 eamdem
880 1764 956 1822 viam
971 1766 1116 1825 sententie
1132 1789 1183 1828 ve-

100 1871 200 1943 niunt,
213 1890 287 1929 ame
298 1868 389 1937 dictae,
401 1889 419 1926 u
428 1867 566 1926 Cicerone
576 1865 761 1932 affimandae.
776 1868 902 1943 «Stoici,
915 1870 1010 1951 inquit
1019 1869 1047 1952 (Ι
1059 1871 1161 1954 Tusc.)

99 1996 218 2035 usurum
242 1974 325 2034 nobis
348 1973 526 2055 largiuntur,
552 1985 697 2054 tamquam
728 1974 890 2034 cornicibus
918 1999 926 2034 ε
954 1976 1005 2036 diu
1033 2000 1182 2039 mansuros

99 2084 184 2142 aiunt
200 2081 339 2154 Animos,
361 2102 475 2161 semper
496 2092 645 2162 negante
670 2078 814 2156 Quamdiu
837 2082 945 2163 igitur?
968 2082 1005 2143 ad
1022 2082 1182 2167 Ecpyrosin

101 2189 200 2265 illum,
216 2190 276 2250 sive
291 2187 551 2271 Conllagmtionem
567 2210 656 2269 quum
671 2188 767 2248 omnia
780 2188 971 2263 resolvimur,
994 2202 1022 2251 et
1043 2190 1080 2251 ad
1101 2193 1183 2251 initia

99 2318 155 2357 sun
170 2308 362 2357 revertuntur.
384 2296 493 2354 Animae
512 2296 600 2377 igitur
614 2307 682 2354 tunc
696 2316 796 2355 omnes
813 2296 968 2356 iterumad
986 2296 1089 2357 Mundi
1107 2299 1185 2359 lni-

100 2424 201 2476 mem,
216 2401 248 2461 id
264 2414 307 2462 est
329 2402 367 2462 ad
386 2400 489 2461 Jovem
507 2422 516 2458 r
531 2422 589 2481 qna
605 2412 702 2489 mepte
720 2398 843 2461 AEtemre
862 2402 1016 2483 aliquando
1037 2403 1181 2465 dicuntur.

99 2510 211 2569 Seneca
223 2508 349 2569 Cordum
359 2508 524 2588 loquentem
538 2504 668 2579 inducit,
679 2517 823 2565 munuum
836 2519 865 2566 et
877 2508 951 2567 inter
961 2507 1071 2571 lleroas
1082 2508 1182 2592 (Cons.

102 2616 142 2677 ad
156 2615 248 2675 Marc.
265 2636 329 2695 cup.
346 2613 399 2673 ult.
412 2611 425 2694 )
439 2636 449 2671 a
468 2639 483 2667 α
499 2611 558 2671 Nos
573 2632 689 2692 quoque
703 2610 800 2671 felices
813 2612 940 2686 Anime,
957 2624 985 2673 et
999 2627 1103 2675 eterna
1117 2636 1185 2676 son-

101 2724 184 2797 tite,
199 2742 290 2802 quum
304 2721 366 2779 Deo
380 2721 474 2779 visum
489 2719 543 2777 erit
556 2720 660 2777 iterum
675 2719 729 2776 ista
748 2717 858 2793 moliri,
873 2719 1036 2780 lnbentibus
1052 2724 1163 2781 cunctis
1173 2736 1184 2797 ,'

100 2842 134 2889 et
156 2830 211 2910 ipsi
233 2850 320 2910 parva
336 2828 425 2885 ruinae
446 2826 572 2907 ingentis
587 2825 730 2897 accessio,
746 2824 775 2884 in
791 2826 908 2907 antiqua
929 2826 1071 2887 elementa
1086 2842 1184 2893 verte-

102 2958 180 2996 mur.
194 2961 208 2988 n
221 2935 291 2994 Tale
304 2935 335 2993 in
350 2931 481 3016 Epicteto
494 2955 502 2988 ε
518 2958 532 2985 u
546 2930 642 3004 Deus,
659 2931 753 3011 inquit
766 2928 834 3013 (Ill
845 2933 921 2992 Diss.
935 2954 999 3014 cap.
1015 2932 1080 3013 13),
1093 2956 1183 3017 quum

102 3044 264 3103 necessaria
274 3042 326 3101 tibi
340 3041 442 3122 eripit,
454 3040 579 3113 victum,
594 3050 720 3111 vestem,
732 3056 833 3097 sensus
844 3039 923 3111 istos,
937 3041 1067 3122 receptui
1078 3062 1184 3122 nempe

102 3150 200 3223 canit,
215 3149 332 3227 januam
356 3146 464 3228 aperit,
490 3156 518 3202 et
540 3144 639 3203 venire
655 3155 684 3202 te
703 3142 795 3221 jubet.
820 3142 904 3219 Quo?
927 3166 986 3203 non
1011 3144 1049 3206 ad
1073 3145 1185 3229 aliquid

102 3276 209 3338 grave,
228 3253 281 3313 sed
296 3252 334 3313 ad
348 3253 396 3311 illa
406 3251 539 3333 equibus
554 3262 631 3309 ortus
646 3270 697 3322 es,
714 3248 856 3309 adamica
872 3262 900 3309 et
914 3262 1056 3333 cognata,
1073 3252 1111 3313 ad
1126 3254 1186 3313 ele-

103 3374 213 3422 menta.
229 3386 244 3412 n
268 3361 394 3443 Cognata
419 3358 467 3417 illa
487 3370 516 3416 ct
535 3357 647 3429 amica,
665 3355 799 3437 intelligit
815 3356 941 3416 maxime
957 3369 1044 3418 astra.
1063 3356 1102 3419 Et
1115 3380 1185 3421 sane

103 3490 187 3529 canas
206 3468 267 3548 ipse
290 3464 438 3548 Epictetus
463 3476 526 3537 est,
550 3463 619 3522 alias
641 3462 787 3537 sublimis,
810 3464 840 3521 in
857 3464 1068 3523 immortalitate
1087 3478 1137 3526 aut
1157 3480 1186 3527 et

104 3576 283 3659 longevitate
294 3574 453 3633 animorum
467 3568 659 3631 adstruenda?
674 3569 746 3650 quid
762 3567 956 3631 adstruenda?
968 3572 1017 3631 vix
1029 3572 1182 3655 tangenda.

104 3684 248 3743 Nimirum
262 3684 337 3742 inter
349 3681 458 3741 Stoicos
477 3680 555 3761 ipsos
570 3670 750 3738 controversa
768 3698 802 3737 ea
816 3700 880 3753 res,
899 3700 953 3737 nec
974 3700 1116 3741 consensu
1134 3702 1187 3741 re-

103 3801 200 3871 cepta.
218 3787 375 3861 Panaeuus,
393 3786 471 3868 apud
485 3786 651 3845 Ciceronem
662 3782 695 3865 (l
709 3780 860 3865 Tuscul.),
872 3784 984 3843 interris
1000 3784 1122 3846 Animos
1134 3808 1187 3845 ur·-

105 3898 229 3955 bitratur
244 3919 253 3953 =
270 3907 298 3953 et
313 3893 442 3952 Laertius
462 3892 547 3950 aliam
569 3891 655 3949 etiam
677 3889 822 3948 sententiae
847 3887 1017 3949 divisionem
1039 3890 1183 3951 ostendit:

109 4032 124 4057 ι
140 4001 307 4074 Cleanthes,
329 4000 440 4080 inquit,
456 4019 555 4057 omnes
569 4016 738 4077 permanere
754 3996 811 4068 nit,
832 4002 923 4075 usqu‘e
935 3993 1183 4077 adconllagratio-

107 4132 175 4170 nem
189 4108 294 4170 Mundi
306 4132 314 4179 ;
329 4107 523 4188 Chrysippus,
539 4105 614 4164 solas
627 4102 807 4184 Snpicutum.
820 4128 834 4154 n
850 4098 888 4159 Et
902 4100 1031 4175 Seneca,
1049 4102 1079 4160 in
1092 4102 1187 4183 verbis

108 4242 214 4301 supra,
235 4240 271 4279 eo
294 4218 432 4277 inclinare
449 4215 565 4274 videtur
581 4211 632 4294 (ad
643 4211 837 4295 Chrysippum
860 4208 954 4293 dico),
971 4232 1059 4292 quum
1072 4210 1186 4282 scribit,
