2950 4934
260 370 327 466 ηε
553 366 593 437 a.
623 367 800 439 suum
823 368 1043 446 seuseu

258 496 358 571 modo
379 500 460 567 istas
486 496 692 567 calamitates
718 521 932 586 removeam,
955 524 1033 594 quae
1052 497 1097 571 sd
1119 524 1175 569 me
1196 501 1338 594 irrupe-

257 618 381 703 ruut¹3
399 612 568 707 quomodo
587 614 683 704 illas,
702 613 748 685 ad
770 640 855 710 quas
872 639 937 710 ego
954 617 1080 713 irrupi.
1104 618 1220 703 Doce,
1245 640 1339 709 quo·-

258 730 359 802 modo
374 732 479 801 seram
498 756 684 801 aerumnam
696 734 772 802 siue
787 734 917 827 gemitu
930 756 1029 819 meo,
1049 724 1249 802 selioitatem
1262 733 1338 801 siue

258 846 390 937 alien03
406 845 577 939 quomodo
593 846 753 919 ultimum
766 872 807 915 ae
818 848 1046 916 necessarium
1062 848 1140 915 vitae
1154 846 1338 915 terminum

259 986 329 1031 non
346 977 553 1057 exspectem,
580 961 641 1044 sed
663 964 826 1055 ipsemet,
846 987 954 1055 quum
971 964 1081 1033 visum
1103 963 1191 1044 erit,
1218 960 1340 1056 profu-

261 1082 352 1175 giam
363 1084 391 1149 ².
407 1078 503 1149 Nihil
518 1080 602 1147 mihi
615 1078 755 1149 videtur
765 1082 917 1174 turpius,
933 1104 1036 1172 quam
1048 1096 1166 1174 optare
1179 1093 1337 1149 mortem.

259 1199 346 1265 Nam
364 1196 392 1265 si
413 1197 466 1265 vis
479 1196 617 1280 vivere,
640 1194 725 1287 quid
741 1211 838 1290 optes
855 1197 968 1265 mori?
984 1198 1056 1265 sive
1070 1219 1141 1264 non
1162 1194 1235 1281 vis,
1254 1190 1341 1287 quid

204 1322 236 1377 23
260 1313 351 1382 Deos
365 1336 465 1406 rogas
477 1310 570 1404 quod
582 1310 645 1379 tibi
657 1313 810 1381 nascenti
825 1305 1016 1381 dederunt³
1028 1313 1044 1381 ἱ)
1054 1314 1162 1396 Nem,
1175 1324 1214 1380 ut
1226 1333 1341 1404 quau·

261 1430 375 1523 doque
392 1431 569 1515 moriaris,
585 1429 688 1497 etiam
706 1430 814 1498 invito
831 1430 977 1523 positum
993 1445 1064 1515 θεῖς
1083 1446 1140 1515 ut,
1155 1452 1264 1521 quum
1275 1450 1341 1497 vo-

261 1546 332 1630 les,
353 1548 391 1621 iu
409 1562 467 1614 tua
483 1569 585 1613 manu
607 1560 671 1619 est.
694 1544 852 1616 Alterum
871 1547 935 1614 tibi
953 1570 1092 1620 necesse
1106 1560 1178 1632 eat3
1194 1544 1341 1614 alterum

262 1663 354 1731 licet.
367 1662 620 1755 Turpissimum
638 1660 693 1763 his
708 1658 831 1731 diebus
846 1663 1056 1756 principium
1070 1661 1191 1729 diserti
1209 1660 1343 1729 meher-

199 1778 201 1783 ’
262 1780 356 1849 cules
370 1781 437 1849 viri
457 1778 549 1872 legi:
571 1779 656 1846 ulta
667 1826 681 1865 ,
700 1772 837 1870 iuquit⁴
848 1829 860 1865 ,
882 1780 1133 1872 quamprimum
1155 1770 1302 1846 moriar!
1321 1801 1338 1839 ι

263 1896 373 1969 Homo
386 1893 527 1963 demens
543 1888 552 1959 l
572 1908 667 1987 optas
679 1916 754 1965 rem
767 1909 859 1962 tuam
876 1919 886 1963 ε
906 1919 923 1959 α
939 1894 990 1962 lta
1004 1893 1255 1988 quamprimum
1268 1914 1344 1960 mo-

262 2006 350 2079 riarl
369 2036 389 2075 u
404 2011 565 2079 Fortasse
577 2010 668 2081 iuter
679 2009 743 2077 has
758 2033 860 2078 voces
871 2032 974 2078 senex
986 2009 1096 2077 factus
1107 2031 1146 2075 es
1162 2030 1171 2073 z
1187 2005 1319 2099 alioqui
1327 2055 1339 2091 ,

169 2142 171 2145 ’
263 2126 349 2219 quid
362 2128 399 2195 ia
413 2150 508 2195 mora
522 2126 598 2199 est?
611 2149 711 2195 nemo
731 2141 764 2195 te
784 2141 897 2215 tenet3
918 2122 1025 2195 evade
1033 2173 1046 2213 ,
1062 2149 1130 2219 qua
1148 2124 1258 2193 risum
1270 2118 1339 2191 est!

195 2226 239 2321 '24
264 2242 354 2339 elige
380 2242 569 2337 quamlibet
588 2264 704 2311 rerum
723 2257 853 2313 naturae
869 2259 1023 2336 partem,
1042 2264 1145 2335 quam
1162 2239 1227 2308 tibi
1249 2262 1343 2334 prse-

262 2358 348 2429 bere
367 2359 493 2427 exitum
511 2348 677 2451 jubeas⁵l
703 2360 787 2427 Haeo
803 2382 928 2452 nempe
954 2372 1091 2426 suntet
1119 2348 1339 2443 ⁶elemerrtu,

263 2473 388 2568 quibus
397 2472 456 2543 hio
465 2472 612 2543 mundus
622 2476 634 2522 ⁷
646 2471 918 2559 administratur,
929 2497 1039 2567 equa,
1053 2487 1164 2557 terra,
1176 2471 1319 2565 spiritus
1331 2496 1340 2539 ε

264 2593 375 2661 omnia
388 2594 452 2661 ista
461 2609 529 2659 tam
540 2615 647 2660 causae
658 2592 798 2661 vivendi
808 2608 906 2677 sunt,
922 2613 1025 2685 quam
1036 2592 1100 2659 viae
1115 2588 1246 2657 mortis.
1262 2588 1343 2657 «lu

264 2708 514 2803 quamprimum
540 2702 684 2778 moriar!
708 2734 726 2773 u
750 2709 1005 2801 Quamprimum
1021 2704 1137 2789 istud,
1157 2702 1251 2798 quod
1269 2726 1343 2773 esse

215 2803 219 2819 Ι
264 2818 493 2921 ris⁸lquem
510 2825 562 2894 illi
586 2825 678 2893 diem
697 2826 945 2921 ponisi‘citius
962 2825 1060 2911 lieri,
1084 2846 1185 2917 quam
1210 2838 1343 2917 optas,

265 3046 332 3101 Mihi
341 3058 425 3100 tamen
435 3046 504 3120 prius
513 3044 579 3099 istud
587 3042 776 3119 preferendum
827 3045 915 3097 iterum
937 3060 946 3097 ι
968 3046 1077 3114 Itaque.
1098 3044 1175 3097 Recta
1196 3039 1345 3095 emendarit

265 3126 347 3182 visum
360 3140 421 3180 erat.
433 3128 515 3183 Sclrw.
523 3153 558 3168 -
567 3127 669 3180 Ferunt
681 3137 778 3199 agunt-
826 3122 965 3177 Pincianus
978 3136 1087 3193 utroque
1097 3120 1173 3175 loeo:
1185 3120 1246 3173 Ita.
1255 3119 1348 3175 Tertio.

266 3226 328 3277 que,
339 3204 409 3260 idem
420 3217 456 3258 est
465 3224 493 3258 ac
507 3223 619 3277 ptum
627 3206 720 3271 ἄγουσι,
729 3207 778 3273 φί-
826 3214 911 3254 tamea
927 3200 985 3255 loco
998 3200 1074 3253 hebet
1087 3199 1165 3252 editio
1181 3197 1263 3271 prisea
1275 3214 1283 3249 ε
1293 3196 1344 3250 Ila

267 3307 343 3356 psum.
826 3298 898 3348 φη).
910 3277 957 3331 Est
965 3280 1035 3330 euim
1049 3278 1102 3331 voti
1116 3275 1234 3330 formula.
1246 3274 1340 3327 Ram.

302 3364 508 3433 mmeramme...
514 3368 600 3433 irrupi
607 3376 690 3417 tuetur
700 3364 778 3419 editio
845 3360 882 3429 ,5.
899 3356 992 3428 Quam
1001 3358 1051 3410 tibi
1057 3357 1174 3426 praebere
1183 3357 1289 3409 mlum
1297 3357 1344 3424 ju-

266 3444 361 3517 prisea:
371 3442 413 3496 alii
422 3451 587 3513 :erupemut,
598 3446 679 3512 erupi.
686 3441 777 3494 num.
826 3438 900 3492 hus.
912 3438 956 3491 Sic
976 3436 1035 3496 libri
1049 3448 1109 3490 vett.
1124 3435 1206 3489 multo
1221 3453 1344 3488 eommo-

265 3522 485 3590 -Irmperuut‚
504 3519 608 3573 aliunde
628 3522 714 3574 aDeo
734 3532 779 3574 aut
826 3518 884 3571 (lius
903 3537 981 3589 qaam
1001 3516 1082 3590 vulgo
1102 3534 1158 3586 qua
1177 3514 1228 3568 sav
1240 3513 1346 3583 prabe-

233 3604 237 3617 ¹
266 3603 393 3653 latotnou
405 3597 779 3670 arcessitae.11rupi.1psemihi
827 3600 866 3661 ri,
879 3608 926 3649 ete·
939 3594 1024 3649 δαὴρ.

266 3680 358 3746 struxi,
373 3678 399 3731 in
412 3698 473 3751 quas
484 3689 573 3753 sponte
583 3698 624 3731 me
636 3677 717 3733 indui.
724 3677 757 3731 L·
861 3672 1142 3741 &Suutetelcmeulm
1153 3692 1180 3724 a.
1190 3692 1211 3727 e·
1222 3673 1259 3727 A.
1266 3671 1347 3725 Abest

302 3776 326 3807 a.
339 3755 501 3827 profugium.
513 3756 536 3809 E
547 3754 615 3821 vita,
626 3755 679 3829 ipse
694 3756 780 3827 impo—
829 3752 910 3826 vulgo
919 3764 953 3805 et.
965 3751 1049 3807 Sele.

268 3854 328 3887 nam
339 3833 398 3887 vitm
407 3852 471 3887 mete
481 3832 570 3888 finem.
866 3850 889 3902 ς.
900 3826 955 3888 Hic
970 3832 1094 3883 muudus.
1109 3828 1208 3901 Nempe
1220 3827 1346 3880 inferior:

301 3911 325 3963 3.
347 3912 430 3984 Quod
447 3911 497 3965 sibi
516 3913 633 3965 nascenti
649 3912 782 3965 dederuut.
832 3923 857 3964 et
868 3909 986 3964 ideotria
998 3922 1096 3963 tantum
1112 3908 1232 3961 nominat
1243 3925 1251 3959 ε
1262 3926 1347 3978 quar-

269 3988 409 4043 scilicetne
420 4009 518 4062 semper
530 3990 596 4044 mori
607 3988 694 4064 possis·
830 4000 885 4041 tum
899 3986 1036 4061 superioris
1046 3986 1137 4039 mundi
1149 4006 1169 4039 s.
1187 3984 1245 4039 coli
1260 3998 1311 4052 ast,
1328 3985 1348 4036 ἱ.

301 4068 325 4131 4.
346 4067 410 4133 Itu,
431 4069 522 4136 iuquit.
544 4068 642 4121 Omnes
661 4066 736 4119 codd.
757 4079 781 4118 et
832 4088 854 4119 e.
866 4066 943 4140 ignit.
955 4064 1044 4118 aaut.

270 4143 346 4199 editio
358 4145 438 4218 prisca
446 4144 543 4201 hebeat
551 4164 558 4199 :
566 4146 675 4215 Itaque,
686 4158 710 4199 st
718 4164 777 4199 mor
863 4145 888 4198 8.
903 4144 1111 4216 Quamprimum
1118 4143 1201 4209 titud,
1209 4143 1284 4213 quod
1291 4160 1348 4198 esse.
