2950 4934
528 482 745 554 TABULA.

107 678 296 739 Drssmsrao
309 674 377 737 XV.
392 676 461 749 Aer,
473 688 504 735 et
515 677 579 757 ejus
589 676 710 751 divisio,
725 676 819 759 primo
831 674 978 759 Frigidum
993 676 1093 737 Stoicis

408 807 487 847 csse.
507 827 1088 849 .............................

185 942 246 955 -
305 905 389 967 XVI.
413 906 518 987 Aqua,
542 918 572 967 et
593 906 736 988 precipua
760 904 824 984 ejus
844 926 911 985 pars
935 904 1028 965 Mare.
1058 906 1093 965 Id
1115 783 1173 875 597

407 1038 512 1086 terram
525 1025 672 1098 circumit,
683 1024 738 1085 init
749 1066 757 1098 ,
769 1024 861 1097 subit,
873 1024 1019 1085 vinculum
1031 1025 1093 1105 ejus

359 1148 364 1155 '
408 1154 437 1202 et
452 1141 592 1224 irrigatio·
611 1180 1088 1202 ........................
1112 1138 1175 1225 598

185 1294 245 1306 —
306 1259 570 1343 xv11.1)uplicem
581 1259 726 1321 Oceanum
737 1280 800 1319 esse
814 1302 823 1333 ‚
839 1278 962 1339 eumque
974 1258 1092 1319 Terram

405 1378 608 1461 quadrifariam
629 1379 748 1461 partiri,
774 1400 811 1439 cx
831 1398 917 1437 sensu
937 1389 1087 1453 veterum,

406 1498 485 1559 haud
499 1520 614 1581 prorsus
628 1520 703 1558 vano
709 1538 1085 1557 ...................
1109 1495 1170 1561 602

182 1651 242 1666 -
304 1617 419 1680 XVIII.
431 1617 477 1677 De
487 1618 586 1677 Terra.
601 1616 724 1676 Matrem
733 1615 790 1675 dici
804 1659 812 1688 ,
825 1628 854 1676 et
867 1615 982 1675 Animal
993 1637 1002 1687 ;
1013 1616 1090 1677 unde

404 1746 578 1795 sustentetur
589 1734 772 1815 firmemrque
776 1775 1084 1795 ................
1109 1730 1171 1796 6ο5

146 1894 149 1899 -
181 1888 242 1901 -
304 1851 387 1914 XIX.
398 1852 511 1913 Stabilis
521 1875 575 1927 ea,
591 1876 628 1912 au
638 1854 810 1915 moveatur?
825 1856 950 1936 itemque
959 1854 996 1915 de
1010 1854 1090 1915 Novo

403 1973 472 2033 orbe
485 2015 493 2047 ,
506 1973 566 2035 sive
577 1973 728 2048 America,
745 1996 782 2033 an
797 1986 907 2035 veteres
923 1975 1005 2057 gnari
1020 1973 1090 2035 fue·

404 2090 486 2150 rint?
489 2130 1082 2152 ..............................
1108 2089 1170 2155 608

181 2242 242 2255 -
303 2208 370 2272 XX.
382 2210 483 2282 Unus,
498 2230 536 2267 an
549 2208 647 2289 plures
659 2206 787 2267 Mundi?
801 2168 877 2269 idem
892 2230 929 2269 au
944 2208 1089 2269 aeterum?

408 2348 489 2403 esse,
506 2338 534 2386 et
548 2349 606 2386 non
626 2348 687 2387 esse
690 2365 1080 2387 ....................
1107 2324 1168 2389 6ι3

180 2477 240 2490 -
302 2443 385 2506 XXI.
401 2443 562 2525 Dupliciter
576 2442 688 2515 interit,
710 2442 794 2523 Aqua
811 2454 841 2501 et
860 2441 941 2524 Igne.
959 2441 1086 2502 Primum

402 2562 439 2622 dc
452 2561 553 2642 Aqua,
568 2560 629 2619 sive
644 2558 821 2640 cataclysmo
828 2599 1080 2621 .............
1105 2556 1167 2621 615

179 2712 239 2725 --
301 2677 399 2740 XXII.
424 2678 470 2738 De
485 2677 569 2760 Ignis
591 2677 732 2750 interitu,
757 2676 806 2757 qui
821 2673 975 2757 Eopyrusis
997 2675 1082 2736 dicta.

401 2796 544 2873 Quando,
563 2795 733 2872 Quomodo,
750 2794 814 2871 Qua
827 2796 916 2878 gretia
937 2794 1077 2855 first...
1104 2790 1166 2855 618

178 2952 239 2965 -
299 2917 416 2980 XXIII.
441 2918 616 2977 Christianos
630 2917 716 2975 etiam
740 2914 825 2994 hujus
845 2915 1011 2987 sententia,
1032 2911 1084 2972 sed

400 3036 507 3112 divisse,
521 3058 582 3097 esse
595 3058 603 3094 ε
616 3037 684 3095 item
691 3032 860 3117 Epicureos,
870 3047 898 3095 et
906 3033 1083 3093 Heraclitum

398 3168 464 3215 aute
473 3175 572 3215 omnes
588 3174 704 3237 :oeque
717 3174 815 3214 omues
826 3166 920 3216 tamen
936 3152 1077 3213 Stoicos..
1103 3148 1164 3230 624

178 3308 238 3320 -
299 3272 411 3335 XXIV.
435 3272 481 3333 De
505 3273 646 3354 Tempore
671 3271 826 3343 adtextus3
851 3271 920 3353 quid
946 3284 975 3332 et
995 3292 1081 3352 quam

397 3392 506 3465 breve,
519 3402 568 3451 aut
578 3390 669 3463 nihil,
682 3392 740 3449 sits
753 3389 909 3451 tenendum
924 3389 1041 3463 utiliter,
1055 3400 1085 3449 et

377 3510 578 3572 'asserendum
582 3548 1075 3570 .........................
1100 3504 1161 3569 625

480 3764 588 3813 trosti
603 3761 774 3813 TERTIUS.

90 3992 281 4052 Drsssarsrro
303 3989 328 4049 l.
352 3987 532 4049 Vestibulum
555 3999 584 4046 et
601 3986 755 4067 ingressus.
777 3983 824 4043 Dc
845 3980 1076 4063 occupationibus

391 4104 514 4186 aliquid3
536 4116 565 4163 ct
583 4104 656 4163 iuter
672 4123 720 4162 cas
738 4122 852 4183 quoque
867 4098 1074 4181 philosophan-

392 4225 461 4287 dum
468 4258 1068 4285 ..............................
1092 4214 1149 4277 631
