2950 4934
288 413 357 497 sss
656 415 661 422 ·
713 405 1005 476 EXCERPTA

324 634 326 637 ·
420 621 462 663 DE
482 620 645 664 ΙΙΜΙῙΙΔ
664 621 706 662 B'l'
726 619 984 666 itomanam
1006 621 1230 664 PRUDEMIAE.

335 755 398 826 His
415 777 498 848 ergo
516 754 786 823 institutionibus
804 754 1012 837 observatis,
1035 771 1183 848 quatuor
1199 757 1360 849 virtutum

288 873 421 968 species
443 870 632 965 perlectum
649 887 683 938 te
702 869 830 939 sacient
845 871 980 958 sirum,
1000 872 1029 940 si
1047 895 1238 941 mensuram
1260 871 1360 940 recti·

288 989 417 1058 tudinis
433 1012 549 1056 earum
568 1012 665 1080 aequo
681 985 822 1057 vivendi
836 987 906 1058 fine
922 989 1124 1064 servaveris.
1137 990 1223 1058 Nam
1239 989 1270 1056 si
1284 1012 1362 1083 pru·¹

289 1106 403 1174 dentia
421 1105 582 1174 terminos
600 1127 677 1174 suos
694 1102 854 1188 excedat,
880 1102 1005 1173 callida
1025 1119 1060 1178 et
1079 1103 1203 1198 pavida
1225 1102 1362 1172 commi-¹

290 1224 394 1304 seris,
410 1222 632 1321 investigator
645 1221 824 1290 latentium
840 1237 874 1300 ct
887 1235 1056 1290 scrutator
1068 1220 1364 1318 qualiumcumque

287 1360 451 1415 noxarum
471 1333 682 1421 ostenderis,
710 1334 884 1419 notaberis
914 1333 1076 1420 timidus,
1099 1334 1294 1428 speciosus,
1312 1347 1365 1400 at·
1438 1343 1442 1348 '

291 1440 424 1539 tentus,
443 1476 578 1546 semper
593 1451 725 1544 aliquid
738 1473 913 1544 quaerens,
930 1473 1066 1544 semper
1078 1446 1210 1542 aliquid
1223 1450 1363 1530 timens,

288 1569 427 1661 ⁴semper
440 1566 571 1659 aliquid
583 1567 762 1652 dubitans,
779 1582 813 1636 et
825 1566 1060 1636 subtilissimas
1071 1567 1284 1660 suspiciones
1296 1581 1366 1638 tuas

293 1684 338 1754 ad
354 1686 460 1753 animi
487 1685 536 1753 tui
559 1685 867 1779 apprehensionem
891 1685 1107 1778 impingens,
1129 1679 1368 1764 monstraberis

292 1802 402 1898 digito
413 1804 536 1872 astutia
548 1802 683 1902 plenus,
699 1801 892 1906 versipellis
908 1816 944 1880 et
957 1800 1183 1895 simplicitatis
1196 1800 1366 1877 inimicus,

293 1918 606 2025 contemplatorque
621 1919 820 2013 culparum,
840 1933 875 1986 et
892 1932 1062 2012 postremo
1076 1939 1145 1986 uno
1160 1915 1301 1998 nomine
1311 1937 1370 1982 νο-

294 2035 426 2104 caberis
442 2063 462 2105 a
478 2038 625 2121 cunctis,
643 2036 752 2106 malus
765 2034 881 2112 bomo.
896 2034 937 2106 ln
949 2034 1013 2104 bas
1027 2056 1110 2130 ergo
1125 2031 1274 2102 maculas
1289 2055 1369 2126 prus

296 2149 413 2219 dentis
428 2153 667 2223 immensurata
681 2151 860 2246 perducet,
874 2153 1081 2247 quicumque
1091 2152 1128 2218 in
1137 2149 1197 2218 illa
1208 2145 1369 2217 mediocri

294 2264 392 2334 lance
408 2266 576 2358 persistit,
600 2290 665 2339 nec
688 2265 845 2336 obtusum
862 2267 900 2340 in
925 2291 960 2335 se
983 2263 1114 2361 aliquid
1137 2264 1287 2346 habeat,
1309 2285 1370 2344 nec

296 2396 483 2450 versutum.

563 2532 604 2572 DE
625 2529 835 2573 ΙΟΒΕΗΝΜ
857 2533 1110 2577 'Quinimm-

347 2665 609 2759 Magnanimitas
625 2677 739 2732 autem
754 2664 782 2730 si
797 2687 833 2730 se
848 2679 942 2732 extra
951 2663 1089 2732 modum
1098 2683 1198 2730 suum
1211 2659 1368 2741 extollat,

302 2782 523 2850 lacietvirum
537 2782 723 2863 minacem,
737 2779 905 2865 inflatum,
918 2779 1124 2871 inquietum,
1136 2774 1327 2856 turbidum,
1341 2791 1373 2843 ct

301 2893 980 2992 inqusscumquaextollentissdictorum,
990 2911 1212 2985 actorumque
1221 2892 1374 2988 neglecta

301 3012 480 3090 honestate
505 2997 691 3092 festinum,
718 3013 778 3102 qui
804 3013 984 3080 momentis
1008 3009 1165 3080 omnibus
1193 3009 1376 3102 supercilia

303 3128 503 3222 subrigens,
517 3145 553 3196 et
563 3126 747 3196 bestiarius
760 3129 863 3196 etiam
876 3129 990 3221 quieta
1004 3128 1146 3210 excitat,
1162 3125 1268 3194 alium
1282 3125 1373 3206 ierit,

303 3245 408 3317 alium
430 3246 540 3340 fugat.
559 3244 628 3314 Sed
648 3245 803 3336 quamvis
819 3242 928 3314 audax
940 3245 991 3312 ‘ait
1014 3244 1245 3338 impugnator,
1265 3258 1375 3310 tamen

304 3363 411 3435 multa
424 3379 517 3434 extra
536 3386 574 3432 se
590 3360 738 3432 valentia
756 3361 847 3428 ferre
864 3385 933 3430 non
955 3361 1096 3453 poterit.
1117 3356 1185 3428 Sed
1200 3373 1261 3426 aut
1279 3359 1378 3426 mise·

307 3505 382 3550 rum
394 3480 525 3574 appetit
537 3479 662 3561 finem,
681 3491 743 3546 aut
758 3497 980 3546 aemmnosam
998 3476 1051 3544 sui
1066 3475 1264 3546 memoriam
1282 3471 1377 3541 dere-

305 3596 445 3688 linquit.
465 3596 628 3664 Mensura
644 3614 728 3687 ergo
751 3577 1038 3686 magnanimitatis
1057 3605 1108 3658 est
1133 3613 1198 3658 nee
1224 3588 1377 3659 timidum

307 3735 382 3782 esse
397 3713 593 3798 bominem,
610 3733 676 3779 nec
688 3706 865 3779 audacem.

625 3919 666 3961 DE
687 3918 785 3960 10Βο
805 3915 1071 3958 ΤΙΗΡΕΜΝΉΕ.

359 4055 581 4126 Continentia
592 4052 718 4124 deinde
730 4051 787 4120 bis
804 4050 959 4121 terminis
972 4065 1006 4119 te
1020 4047 1232 4142 adstringat3
1249 4069 1382 4116 cavens

313 4194 434 4264 parcus
446 4173 511 4254 sis,
529 4194 573 4239 ne
590 4169 774 4263 suspiciose
788 4183 822 4236 et
842 4165 961 4239 timide
975 4188 1112 4236 manum
1127 4163 1383 4234 contrahas'lle
