2950 4934
258 480 264 491 ·
341 452 408 519 650
711 405 860 521 Jusrr
884 453 1042 523 nrrsn

340 593 447 653 animal
460 617 468 665 ;
483 606 511 655 et
524 596 599 654 sicut
610 594 720 654 fructus
735 596 870 655 arbonam
883 609 980 677 partes
995 597 1140 673 dicimus,
1155 602 1344 684 videmusque
1355 627 1408 663 ma-
1454 651 1457 672 ,

339 714 418 761 turos
432 700 564 761 decidere
576 724 585 760 a
597 702 638 761 sic
652 712 681 761 et
694 700 806 761 foetum.
817 726 833 755 a
847 701 950 783 Liquet
960 705 1048 786 igitur
1058 704 1097 765 de
1107 710 1264 781 sententia,
1275 731 1337 767 non
1346 713 1409 770 item

340 806 377 867 de
387 808 516 867 veritate.
528 808 601 867 Nona
610 808 804 869 Tertullianus
817 807 929 871 fortiter
941 810 1000 870 hee
1010 811 1116 873 refutat
1128 856 1136 887 ‚
1153 826 1239 896 atque
1251 813 1333 875 idean
1347 815 1411 876 Plu-

332 914 463 973 =tarehus.
482 914 559 988 Quid
574 914 690 975 tamen?
704 915 742 975 de
754 916 881 977 adventu
895 919 957 999 ipso
971 932 1000 978 ct
1011 920 1205 980 insinuatione
1217 920 1300 981 haud
1317 921 1408 981 salso:

339 1034 369 1081 et
383 1020 495 1103 gaudeo
520 1021 704 1103 gratrrlorque
721 1021 768 1081 liic
788 1044 904 1104 quoque
924 1022 1093 1085 Christianis
1108 1026 1248 1087 accedere
1264 1050 1274 1085 a
1290 1025 1330 1087 de
1342 1041 1412 1087 tem-
1454 1073 1457 1094 ,

339 1150 429 1209 pore,
454 1128 514 1187 scio
529 1131 712 1189 controverti.
736 1128 802 1189 Janr
822 1130 892 1190 olim
907 1131 1044 1211 quidem
1066 1140 1134 1192 natu
1155 1132 1350 1214 Hippocrates
1364 1132 1410 1213 (in

338 1235 491 1295 Stobuanis
520 1233 653 1319 eclogia)
675 1236 772 1295 statim
796 1259 814 1295 a
837 1236 959 1296 iorrnato
983 1239 1122 1313 semine,
1150 1239 1288 1298 Animam
1309 1240 1411 1299 adnit-

202 1364 207 1376 ·
337 1344 373 1401 tit
388 1366 397 1401 a
415 1341 589 1424 Porphyrius
601 1342 696 1424 (quod
712 1344 818 1403 mirere
832 1344 864 1402 in
879 1342 1042 1426 Platonico)
1057 1366 1172 1425 prorsus
1185 1357 1219 1404 ut
1235 1346 1345 1417 nostri,
1359 1372 1373 1396 e
1383 1347 1409 1404 in

338 1451 431 1530 prima
446 1451 539 1509 statim
551 1448 675 1508 editione
691 1451 752 1509 nati
762 1447 889 1509 iniantis.
905 1451 970 1509 Alia
984 1450 1071 1509 etiam
1084 1464 1127 1510 est
1139 1451 1255 1531 opinio,
1269 1473 1336 1533 qn:
1345 1451 1411 1531 plu-

339 1578 385 1617 res
401 1559 499 1617 statuit
514 1556 660 1617 facultates
677 1570 726 1616 aut
742 1558 863 1617 Naturae
878 1558 995 1631 animae,
1009 1570 1170 1639 opportuno
1183 1556 1254 1617 dein
1268 1569 1410 1638 tempore,

340 1666 424 1725 aliam
449 1665 518 1724 alias
543 1664 701 1736 advenire,
721 1678 808 1746 prout
827 1686 932 1747 eorpus
953 1664 1089 1724 idoneum
1109 1676 1270 1745 aptumque
1297 1663 1409 1723 laetum

341 1772 468 1832 Primum
490 1764 577 1853 igitur'
596 1772 747 1831 Naturam·
765 1772 916 1853 accipere,
937 1771 1042 1833 deinde
1063 1771 1242 1832 &sitientem
1254 1772 1341 1843 rim,
1356 1784 1411 1829 urm

339 1879 529 1960 Apparatum,
548 1890 608 1936 trrrn
631 1878 808 1937 Rationalem
830 1878 972 1948 animam,
994 1876 1121 1959 denique
1139 1876 1410 1936 intellectualem.»

341 1984 376 2044 ln
391 1999 533 2067 postrema
548 1986 687 2044 sententia
701 1997 769 2043 sunt
779 1986 831 2065 qui
841 1984 1021 2044 Aristotelem
1033 1985 1124 2043 velint
1132 2004 1308 2058 accensere,
1321 1986 1413 2043 neseio

340 2114 376 2151 an
402 2094 555 2152 volentem.
582 2092 638 2152 Sed
663 2094 739 2151 inter
753 2094 839 2173 {ipsos
854 2092 1012 2173 Theologos
1032 2091 1101 2149 olim
1123 2089 1295 2163 dissidium,
1321 2092 1411 2149 innata

339 2201 462 2273 Anima,
481 2221 517 2257 an
541 2199 677 2281 ingressa.
705 2198 838 2258 Innatam
850 2198 1060 2271 Tertullianus,
1073 2209 1106 2257 ut
1121 2196 1204 2270 dixi,
1217 2196 1348 2256 ubertim
1360 2219 1413 2278 ap-

339 2305 512 2389 pmbat(De
521 2306 624 2365 Anima
635 2318 664 2365 et
673 2304 827 2388 llesurr.),
842 2332 857 2358 ι
870 2316 900 2363 et
913 2306 1035 2387 inipso,
1050 2317 1079 2365 et
1091 2326 1129 2365 cx
1140 2306 1204 2386 ipso
1213 2306 1272 2364 seri
1282 2305 1410 2377 homine,

340 2427 368 2473 et
382 2414 480 2473 vivum
495 2434 557 2471 esse
572 2432 588 2469 a
606 2411 761 2492 primordio
774 2410 889 2471 Serneu.
903 2436 918 2463 r
931 2410 1098 2471 Matricem
1114 2411 1163 2470 illo
1180 2408 1275 2469 latini
1292 2434 1303 2468 a
1318 2424 1413 2469 exerte

340 2522 425 2579 etiam
444 2522 518 2579 inter
533 2518 647 2578 Graecos
663 2516 819 2599 Gregorius
832 2518 931 2598 Nyssa
946 2518 1075 2578 antistes.
1095 2544 1110 2569 ι
1126 2516 1320 2577 posteriorem
1332 2538 1413 2586 esse,

338 2630 451 2711 iuquit,
476 2628 615 2709 originem
631 2628 812 2698 animarum,
832 2626 966 2705 ipsasque
985 2626 1158 2685 recentiores
1179 2646 1243 2684 esse
1263 2646 1416 2705 corporum

338 2736 560 2806 constitutione,
580 2754 665 2793 nemo
686 2754 756 2791 sana
775 2743 873 2791 mente
885 2731 1020 2813 preditus
1042 2733 1073 2791 in
1096 2733 1225 2791 animum
1247 2732 1415 2798 induxerim

338 2866 426 2925 quum
443 2840 625 2902 manifestum
650 2843 702 2913 sit,
729 2838 806 2921 quod
828 2839 901 2899 nihil
925 2862 962 2899 ex
980 2840 1115 2899 inanimis
1134 2841 1194 2899 vim
1215 2841 1248 2899 in
1264 2862 1299 2899 se
1315 2836 1417 2900 lrabeat

338 2949 488 3021 movendi,
505 2950 631 3029 itemque
652 2945 810 3007 crescendi.
826 2947 865 3006 dt
882 2968 980 3006 eorum
994 2948 1090 3027 quiin
1104 2958 1185 3007 utero
1195 2946 1417 3027 alunturneque

339 3068 523 3138 augmentum
542 3069 570 3114 ct
585 3056 812 3125 incrementum,
836 3074 931 3133 neque
946 3051 1061 3112 deloco
1074 3052 1112 3112 ad
1125 3050 1220 3112 locum
1232 3064 1329 3111 motus
1349 3076 1418 3111 oon-

338 3176 481 3221 troversus
497 3174 549 3220 est.
562 3160 748 3241 llelinquitur
756 3180 825 3240 ergo
835 3170 868 3218 ut
877 3178 1045 3218 censeamus
1057 3203 1067 3232 ,
1078 3180 1168 3217 unum
1179 3170 1207 3218 et
1220 3157 1301 3218 idem
1309 3159 1418 3218 Anima

340 3281 368 3327 et
382 3268 516 3348 Corporis
529 3266 741 3327 constitutionis
754 3266 929 3346 principium
943 3284 1017 3324 esse.
1034 3266 1077 3323 tle
1085 3263 1332 3344 quemadmodum
1343 3280 1417 3325 terra

339 3376 363 3432 si
380 3376 525 3434 surculum
539 3398 556 3433 a
570 3373 666 3433 radice
680 3372 811 3432 avulsum
824 3374 986 3453 acceperit,
1002 3372 1134 3431 arborem
1153 3370 1223 3430 inde
1239 3372 1345 3441 efficit,
1362 3396 1417 3431 non

339 3482 402 3562 ipsa
415 3483 474 3540 vim
490 3480 612 3563 augendi
627 3481 779 3559 injiciens,
795 3479 846 3539 sed
860 3480 1030 3539 incrementi
1043 3478 1191 3539 dumtaxat
1204 3481 1361 3539 materiam
1371 3492 1419 3538 at-

340 3610 397 3671 que
418 3589 576 3647 subsidium
598 3588 765 3667 impartiens
786 3609 793 3644 ε
810 3588 849 3645 ita
864 3586 986 3645 dicimus
1002 3585 1132 3645 etiamid
1147 3584 1225 3666 quod
1241 3606 1281 3644 ex
1302 3584 1419 3645 homine

340 3697 471 3755 avellitur
485 3691 625 3778 (semen)
640 3691 677 3753 ad
693 3691 818 3753 hominis
834 3694 989 3765 sationem,
1003 3694 1096 3773 ipsum
1107 3714 1222 3773 quoque
1233 3692 1417 3774 aliquomodo

341 3804 446 3863 animal
455 3824 533 3877 esse,
546 3825 583 3863 ex
599 3804 724 3861 animato
739 3803 935 3861 animatam.»
949 3800 1034 3861 Plura
1050 3800 1148 3873 addit,
1160 3814 1299 3860 etomues
1308 3804 1416 3860 anima

341 3912 489 3972 facultates
503 3913 533 3969 in
548 3910 664 3970 Semina
682 3932 764 3983 esse,
787 3909 912 3968 occultas
934 3922 1050 3981 tamen,
1075 3920 1104 3969 et
1125 3910 1156 3967 in
1177 3920 1308 3989 tempore
1333 3922 1418 3990 atque

341 4018 441 4077 ordine
457 4016 628 4077 erlueendas.
647 4016 793 4075 Sententia
809 4027 870 4075 erat
887 4038 974 4096 qurum
988 4017 1061 4075 tueri
1076 4036 1193 4096 posses,
1211 4016 1268 4074 nisi
1289 4014 1418 4075 Ecclesia

379 4240 384 4269 ¹
399 4236 426 4286 ld
439 4244 475 4287 est
486 4240 676 4313 vegetationem
689 4274 695 4297 ,
710 4248 734 4286 et
746 4238 833 4286 rutam.
