2950 4934
447 466 717 538 EPISTOLA
742 470 825 538 Cll.
1112 476 1170 540 181

104 623 239 681 eornm,
265 596 390 690 quibus
411 597 487 690 ipse
510 621 583 666 eum
602 597 685 666 boni
704 623 818 669 causa.
841 603 901 669 Est
920 599 1012 668 iatud
1029 600 1179 669 laudan-
1204 633 1235 686 ις

104 719 181 784 tium
195 715 343 802 bonnm3
358 715 484 784 virtute
501 715 592 782 enim
602 717 735 808 geritur
747 721 755 752 ¹
774 718 906 786 :omnia
916 733 1031 786 autem
1043 718 1179 787 virtutis
1263 759 1275 787 ι

105 834 185 902 actio
201 833 332 902 bonum
345 845 412 898 est.
425 833 499 910 Hoc
512 832 713 926 contingere
731 833 802 901 illia
818 857 889 902 non
907 837 1094 928 potuisset,
1111 835 1186 903 nisi-

107 971 164 1042 ego
178 947 256 1020 talis
270 969 391 1014 essem.
408 945 529 1037 Itaque
538 947 724 1037 utriusque
739 946 867 1016 bonum
882 965 951 1030 est,
968 949 1092 1017 merito
1104 948 1181 1018 lau-

107 1062 281 1150 duri31am
295 1060 512 1143 mehercule,
532 1085 634 1154 quem
654 1062 744 1132 bene
761 1063 934 1156 judicasse
943 1069 971 1150 ²,
993 1062 1181 1157 judicantis

106 1180 227 1250 bonum
238 1195 291 1248 est
300 1229 311 1265 ,
326 1193 361 1250 et
370 1178 458 1271 ejus,
471 1177 658 1248 secundum
674 1179 978 1272 quemjudioatum
995 1196 1059 1249 est.
1075 1177 1182 1250 Num·

107 1293 186 1388 quid
215 1291 374 1377 dubites,
403 1293 488 1386 quin
509 1291 644 1385 justitia
667 1309 702 1361 et
725 1293 884 1362 habentis
907 1293 1035 1363 bonum
1058 1295 1124 1378 sit,
1147 1308 1182 1362 et

107 1409 194 1502 ejus,
210 1411 266 1478 cui
281 1407 434 1476 debitum
449 1407 572 1477 solvit?
585 1411 776 1478 Merentem
790 1405 948 1493 laudare,
959 1410 1092 1503 justitia
1106 1425 1178 1478 est:

108 1549 187 1620 ergo
206 1526 388 1618 utriusque
406 1524 534 1594 bonum
551 1543 616 1596 eat.

153 1640 416 1710 Cavillatoribus
439 1641 513 1708 istie
534 1639 671 1711 abunde
690 1637 1007 1737 responderimue³.
1023 1640 1092 1712 Sed
1113 1665 1182 1709 non
1209 1678 1241 1710 ,ο

110 1747 232 1823 debet⁴
252 1755 319 1822 hoc
336 1753 435 1823 nohis
453 1777 527 1823 eece
544 1757 779 1849 propositum,
796 1772 920 1851 arguta
938 1755 1129 1842 disserere,
1149 1771 1184 1824 et

110 1870 356 1968 philosophiam
369 1873 405 1938 in
417 1868 480 1940 hes
492 1874 665 1966 angustias
676 1897 716 1941 ex
728 1899 789 1942 sua
799 1873 975 1966 majestate
985 1873 1180 1941 detrahere.

111 1987 244 2079 Quanto
270 1989 377 2056 catius
399 2003 470 2072 eet,
499 1988 551 2056 ire
574 2006 693 2082 aperte
716 1991 772 2060 via
798 2008 832 2060 et
851 2005 969 2072 recta,
995 2014 1098 2082 quam
1117 1989 1183 2057 sibi

113 2106 175 2197 ipsi
198 2106 305 2173 flexus
329 2105 538 2200 disponere,
570 2129 656 2199 quoe
686 2131 764 2176 cum
790 2131 913 2200 magna
941 2106 1095 2175 molestie
1118 2105 1186 2173 de-

114 2221 187 2290 beas
202 2221 385 2315 relegere?
398 2245 513 2314 neque
527 2222 619 2290 enim
633 2221 820 2314 quidquam
834 2220 930 2289 aliud
944 2223 1017 2291 iatoe
1033 2219 1185 2315 dispute-

115 2339 332 2422 uanescunt,
355 2362 456 2430 quum
474 2339 564 2408 inter
583 2361 620 2406 se
637 2339 755 2432 perite
767 2340 975 2430 captantium
995 2337 1101 2406 lusus.
1120 2339 1186 2405 Dio
1212 2373 1241 2405 ιι

115 2448 257 2547 potiua⁵‚
273 2479 376 2548 quam
395 2455 549 2526 naturale
567 2456 631 2539 eit,
652 2456 688 2524 in
705 2457 907 2524 immensum
924 2470 1073 2525 mentem
1091 2477 1186 2523 suam

116 2572 304 2642 extendere.
325 2575 452 2666 Magna
468 2587 502 2640 et
520 2597 686 2667 generosa
704 2596 760 2640 res
778 2589 830 2640 eat
845 2571 1014 2660 humanus
1029 2573 1184 2660 animus3

116 2691 221 2758 nulloe
239 2689 305 2759 sibi
321 2687 441 2784 poni⁶‚
464 2690 532 2758 nisi
551 2713 747 2759 communen
765 2705 799 2759 et
820 2714 896 2758 cum
911 2691 1007 2777 Deo,
1026 2689 1189 2759 terminos

116 2809 249 2900 patitur.
274 2808 445 2892 Primum,
470 2806 633 2875 humilem
655 2831 724 2874 non
742 2807 868 2900 accipit
881 2807 1048 2899 petriam,
1068 2805 1189 2900 Ephe-

117 2949 186 2992 sum
196 2940 254 2994 aut
266 2922 529 3006 Alexandriam,
544 2939 602 2992 aut
612 2924 642 2990 'ai
655 2922 748 3016 quod
762 2939 813 2991 est
825 2925 1021 2992 etiamnunc
1032 2923 1190 3016 frequen·

117 3039 178 3108 tius
190 3039 323 3121 incolis,
339 3038 468 3106 laetiua⁷
485 3039 583 3108 tectis
597 3037 717 3108 solum.
728 3038 842 3106 Putria
856 3053 906 3112 est
918 3037 989 3122 illi,
1002 3039 1190 3131 quodcum·
1216 3072 1247 3102 ιι

149 3297 169 3330 ι.
197 3280 299 3333 terrare
319 3281 389 3332 enim
408 3281 517 3348 geritur.
538 3277 628 3330 Virtus
678 3275 747 3328 lllur.
760 3275 1192 3357 Schr···lnt.possemusrespon·

118 3357 181 3408 enin
191 3377 232 3410 eos
243 3357 359 3429 impulit,
369 3369 397 3410 ut
405 3357 539 3411 laudarent
546 3357 629 3410 virum
679 3353 752 3418 dere;
767 3374 830 3426 resp.
841 3355 915 3409 facile
926 3367 996 3408 esset.

118 3433 207 3502 bonum
217 3454 225 3487 z
235 3456 297 3510 ergo
306 3435 371 3488 bene
384 3435 481 3488 iaciunt
491 3455 571 3506 quum
580 3435 630 3487 lau·
712 3434 736 3499 4
745 3434 836 3501 Dei-et,
845 3455 871 3489 a.
882 3455 903 3490 c·
913 3436 949 3495 A.
956 3436 1044 3510 Vulgo
1054 3437 1150 3490 debuit.
1162 3435 1192 3488 S.

119 3511 175 3563 dant
196 3513 272 3582 laude¹
297 3513 424 3584 dignum
448 3513 557 3586 ideoque
576 3513 630 3567 lans
712 3514 735 3564 5.
749 3510 801 3587 Die
810 3516 910 3579 potius,
922 3533 1004 3582 quom
1016 3516 1139 3567 naturale
1150 3517 1192 3566 sit.

122 3589 161 3642 illa
171 3590 265 3644 bonnm
280 3591 440 3644 laudantium
451 3605 495 3643 est.
680 3589 700 3641 l.
714 3609 734 3642 e.
747 3601 902 3664 quantopere
915 3590 1081 3644 necessarium
1095 3591 1127 3643 sit
1142 3611 1193 3644 na-

151 3668 517 3742 2.Benejudicasse.1tespicit
529 3669 627 3722 Seneca
676 3679 758 3720 turem
772 3679 796 3720 ct
809 3667 914 3722 rationis
928 3667 996 3742 leges
1011 3666 1091 3741 sequi.
1103 3668 1195 3721 liubit.

123 3743 389 3810 indicemintribunali
398 3747 543 3814 sedentem,
558 3747 628 3802 effir·
710 3747 734 3800 6.
747 3750 845 3802 lt'utlos
864 3750 917 3802 sibi
929 3752 1018 3818 poni...
1034 3753 1144 3819 potitur.
1155 3749 1195 3800 lle

125 3837 214 3896 matquc
231 3817 334 3898 equum
354 3824 479 3897 iudicium
499 3837 523 3878 et
538 3824 628 3895 judicis
678 3827 726 3880 hac
740 3827 927 3881 necessitudine
942 3827 1008 3881 inter
1022 3829 1093 3882 Deos
1109 3841 1133 3880 et
1143 3827 1197 3878 bo-

126 3901 164 3969 qul
173 3903 280 3975 :quitali
294 3901 391 3977 paruit,
405 3915 429 3956 et
439 3902 508 3956 illins
520 3903 563 3974 qui
575 3903 629 3974 iure
680 3925 726 3957 nos
741 3904 814 3956 multi
827 3918 884 3957 sunt
898 3903 994 3974 Stoici,
1007 3906 1133 3981 imprimis
1144 3905 1197 3958 Se-

127 3997 168 4030 suo
179 3981 250 4049 vicit,
259 3983 357 4034 honum
371 4000 432 4033 csse.
678 4003 742 4036 nece
752 4001 759 4036 ι
770 4002 791 4034 e.
804 4004 826 4036 c.
837 3983 878 4035 Dc
887 3983 983 4053 Tranq.
998 4003 1039 4036 en.
1050 3987 1074 4038 8.
1086 3985 1126 4037 De
1138 4003 1197 4058 pro-

157 4055 178 4108 3.
186 4057 408 4128 Responderimus.
422 4059 465 4113 Sic
477 4061 516 4113 cd.
528 4061 594 4136 Lips.
606 4076 629 4113 ct
679 4063 777 4116 vident.
793 4081 800 4113 r
812 4102 819 4126 ‚
833 4063 880 4133 Ep.
891 4075 957 4128 1111,
973 4081 1016 4127 rr,
1028 4075 1082 4115 not.
1093 4059 1142 4129 66,
1152 4073 1188 4113 ctr

130 4149 177 4202 tuq.
196 4156 222 4188 cr
234 4137 298 4208 conj.
318 4136 390 4188 l’inc.
404 4135 630 4208 Respondebimus
682 4140 786 4214 Epictot
799 4138 933 4192 Euchirid.
946 4159 968 4192 c.
983 4143 1018 4194 15.
1027 4139 1117 4194 Ruti.
1254 4209 1256 4211 ι

132 4208 217 4266 dabant
233 4215 289 4268 libri
305 4225 364 4268 vett.
378 4213 571 4284 Respondimus
590 4217 630 4269 cd.
718 4217 859 4288 pLoetius.
868 4219 1002 4290 Perpetem
1011 4220 1091 4273 latius
1100 4216 1148 4270 edd
1171 4219 1196 4276 S
