2950 4934
230 537 476 607 PHYSIOL.
502 536 756 624 STOICOR.
784 539 884 608 LIB.
910 540 983 609 Ill.
1079 542 1143 611 661

78 684 161 766 gilot,
187 684 238 763 qui
260 683 405 741 morituris
424 703 456 741 os
480 684 584 763 pannis
603 684 754 742 conscissis
776 682 912 743 sarciebat
935 706 944 741 r
972 710 986 737 ιι
1006 682 1076 759 Qum
1098 684 1156 743 ista·

78 789 197 861 sevitia,
209 787 304 869 inquit
316 786 368 869 (ll
380 788 434 847 De
441 788 488 847 Ira
499 830 508 860 ,
520 810 585 875 cap.
606 786 681 873 19),
698 789 762 848 est?
773 788 857 849 bceat
871 788 1004 849 ultimum
1020 790 1151 869 spiritum
1225 834 1229 841 .

78 896 188 955 tradere
200 894 263 976 (sic
276 894 360 978 lego)
375 918 386 952 e
400 894 438 955 da
451 896 568 955 exiturae
583 895 694 955 Anime
704 898 810 955 locum
828 922 842 949 ιι
858 896 916 957 Sed
930 896 1107 978 populariter
1119 916 1153 955 ea

78 1003 209 1063 bennun
225 1025 234 1060 r
251 1004 312 1084 ipse
328 1002 475 1063 diversum
490 1004 599 1077 sentit,
617 1017 647 1063 et
659 1004 769 1065 Stoicos
781 1002 855 1063 adeo
867 1024 933 1063 suos
956 1001 1003 1063 bic
1024 1002 1150 1063 damnat.

76 1109 149 1170 Nam
171 1110 260 1170 relata
281 1110 422 1171 enitentia
443 1109 511 1180 illa,
536 1108 781 1183 de.0btritione.‚
800 1109 882 1170 addit
895 1108 1008 1192 (Epist.
1033 1107 1149 1192 wirla

80 1242 94 1269 ιι
113 1214 170 1291 Qui
188 1215 243 1277 boc
260 1214 384 1288 dicunt,
403 1215 539 1275 videntrn
553 1215 623 1275 mibi
642 1221 751 1276 ercam.
770 1215 1021 1291 Quemadmodum
1039 1214 1154 1275 bamma

77 1344 135 1381 non
151 1334 244 1405 potest
258 1322 406 1403 opprimit
423 1343 491 1381 nam
509 1323 587 1381 circa
607 1322 639 1381 id
660 1321 796 1405 diffugit,
817 1344 876 1403 quo
896 1335 1014 1405 urgetur
1029 1343 1038 1380 a
1052 1342 1156 1403 quem-

78 1428 232 1491 admodum
246 1449 297 1489 aer
312 1428 432 1490 verbere
446 1438 497 1489 aut
509 1427 571 1487 ictu
580 1450 639 1487 non
652 1427 775 1503 laeditur,
789 1450 844 1489 nec
859 1428 1006 1489 scinditue
1014 1428 1153 1511 quideme

79 1536 120 1595 sic
136 1534 278 1607 Animus,
302 1535 405 1615 quiex
426 1534 594 1594 tenuissimo
610 1547 743 1606 constat,
766 1534 944 1616 deprehendi
956 1558 1027 1596 uon-
1040 1548 1155 1617 potest,
1181 1603 1184 1615 Ι

79 1662 133 1699 nec
146 1641 221 1699 intra
240 1661 345 1721 corpus
366 1639 454 1721 affligi
471 1663 481 1697 s
498 1639 552 1700 sed
575 1640 716 1701 beneficio
738 1641 902 1701 subtilitatis
923 1664 1001 1714 sne,
1022 1662 1075 1721 per
1095 1644 1160 1723 ipsa

77 1748 183 1828 quibus
202 1746 348 1829 affligitur,
365 1746 500 1826 erumpit.
516 1771 531 1798 ιι
549 1744 620 1805 Ilaec
634 1748 746 1807 veriora
758 1788 768 1821 ,
780 1768 867 1828 quam
887 1748 997 1829 priores
1009 1746 1158 1831 illnlnpsl-

78 1881 155 1929 σας,
170 1853 305 1934 ineptiis,
325 1853 439 1913 deliria.
460 1851 518 1911 Sed
530 1852 625 1925 bens,
648 1854 750 1915 incidit
764 1854 840 1913 male
861 1856 1017 1928 omissum,
1034 1877 1072 1915 ex
1086 1855 1159 1915 Dio-

81 1963 165 2042 nysio
182 1958 408 2019 Halicarnasso
421 1984 431 2018 a
445 1982 550 2041 quem,
568 1960 615 2019 vel
634 1960 687 2021 boc
701 1972 889 2043 argumento,
909 1962 981 2022 Stooe
994 1960 1156 2021 vindicabo.

82 2070 132 2127 Ait
144 2089 232 2149 super
245 2088 279 2127 eo
293 2068 385 2138 scito,
401 2069 432 2127 in
451 2088 504 2126 sua
516 2088 653 2147 persona,
670 2069 722 2127 ubi
742 2068 779 2128 de
794 2068 904 2127 Marcio
915 2068 1065 2129 Coriolano
1081 2068 1160 2128 inle-

80 2177 175 2235 lieiter
189 2174 329 2235 exstincto
338 2173 408 2253 (lib.
420 2172 496 2232 VIII
506 2170 541 2254 ),
559 2200 573 2227 ιι
587 2173 618 2233 si
628 2173 717 2257 igitar
726 2174 952 2255 solutacorpore
960 2175 1063 2235 Anima
1074 2175 1160 2233 etiam

82 2284 204 2355 interit,
220 2281 298 2349 baud
317 2280 404 2341 video
424 2282 568 2364 quomodo
582 2283 685 2343 beatos
700 2283 795 2343 dinem
807 2283 881 2364 ‚iqui
898 2283 978 2342 nullo
991 2305 1027 2343 ex
1046 2282 1161 2343 Virtute

81 2389 198 2461 fructu,
214 2388 252 2447 ob
270 2387 362 2467 ipsam
377 2388 465 2453 eiam
478 2397 611 2468 pereunt.
628 2416 649 2441 ιι·
658 2388 828 2449 Tum-addit
840 2390 1001 2449 membrum
1014 2391 1134 2449 alterum
1150 2412 1160 2446 r

85 2522 101 2549 a
116 2494 168 2554 Sin
181 2505 277 2558 autern
294 2494 524 2577 incorruptibiles
537 2495 568 2553 in
578 2506 755 2576 perpetuum.
765 2496 892 2566 Anime,
909 2508 942 2553 ut
956 2495 1073 2575 qnidam
1088 2516 1163 2554 een-

84 2614 174 2672 sent;
200 2613 250 2660 aut
270 2613 382 2682 tempus
404 2601 539 2682 aliquod,
569 2613 634 2682 post
654 2602 824 2661 solutionem
847 2604 1020 2682 corporum.
1043 2622 1163 2683 permar-

83 2722 178 2779 uent;
201 2708 398 2790 longissimum
422 2708 562 2788 quidem,
591 2708 740 2775 bonorum,
760 2710 909 2779 virorum3
931 2709 1159 2781 brevissimum,

85 2815 227 2875 malorum
244 2837 252 2872 r
269 2815 410 2873 sufficiens
430 2813 520 2873 bonos
539 2814 678 2873 habeatur
700 2813 833 2873 Virtutis.
843 2814 1009 2875 cultoribus.
1031 2842 1045 2867 ιι
1063 2814 1164 2901 Stoicis

87 2923 178 3005 igitur
190 2934 287 2982 manet
302 2922 343 2981 sic
360 2921 480 2990 Anima3
502 2921 572 2993 ubi,
590 2921 703 3001 etquid
721 2919 822 2995 faciut,
838 2942 906 2981 mox
921 2922 1039 2983 docebo.

294 3190 297 3194 >
411 3106 731 3228 bissERTa-Tto
751 3156 835 3218 XII.

133 3336 356 3415 Demr‘gmtioue
371 3332 542 3408 Animarum
557 3334 587 3391 in
605 3352 732 3413 corporo.
752 3332 852 3393 Pam
867 3335 908 3393 itu
920 3336 1037 3395 seruisse
1049 3382 1057 3404 ,
1071 3358 1125 3395 non

517 3436 611 3499 tomen
626 3438 748 3512 Stoicos
926 3450 931 3459 “

136 3674 204 3734 uir
220 3674 332 3735 &nece
351 3672 482 3733 ornnem
498 3672 598 3731 iusso
612 3713 621 3741 ‚
637 3682 666 3729 et
685 3669 809 3745 omno
823 3670 924 3749 quino
937 3670 1070 3750 sarpa,
1090 3696 1103 3722 .
1121 3642 1167 3728 'an

91 3782 213 3842 aliunde
227 3782 283 3839 alio
305 3792 450 3851 transeat,
467 3789 497 3837 et
508 3776 688 3837 domicilium
706 3775 848 3835 mutetis
864 3775 893 3843 Si
913 3788 1028 3849 manet,
1043 3777 1137 3857 inquit
1158 3800 1166 3833 a

92 3912 136 3951 an
162 3889 186 3946 si
207 3886 300 3961 sorte,
321 3908 387 3945 cum
412 3884 627 3966 Pythagoricis,
651 3882 687 3942 de
712 3904 831 3963 corpore
857 3882 887 3940 in
914 3904 1017 3962 corpus
1041 3880 1170 3971 migrat?

95 3994 209 4054 Eodem
230 4014 316 4053 sensu
334 3994 434 4073 querit
449 3992 518 4050 alibi
535 3987 651 4072 (Epist.
678 3987 785 4069 sxv):
806 3986 823 4041 ι’
835 3986 897 4070 Ego
919 3990 1066 4061 nesciam,
1092 3986 1170 4047 unde

94 4100 319 4161 descenderim?
333 4100 422 4159 semel
442 4098 502 4157 hnc
527 4096 599 4156 mibi
619 4094 747 4155 videnda'
766 4097 844 4169 sint,
867 4076 916 4154 aut
937 4094 1034 4175 sape?
1054 4120 1067 4147 ιι
1091 4092 1172 4174 Sapo

95 4210 177 4267 onim
193 4210 236 4277 ;si
250 4208 358 4267 reditus
369 4220 429 4280 est,
445 4216 515 4264 ctut
524 4203 718 4264 Tertullianus
728 4202 874 4283 appellat,
894 4228 906 4254 ιι
923 4200 1093 4262 recidivatus
1103 4200 1173 4257 nni-

96 4337 222 4376 rnatum.
241 4343 255 4368 ιι
272 4313 309 4373 Et
325 4316 537 4398 Pythagoreos,
553 4312 641 4371 immo
652 4322 680 4370 et
691 4309 849 4370 Platonicos
866 4310 906 4368 sic
917 4309 1037 4368 sensisse
1050 4351 1057 4381 ,
1071 4306 1174 4389 decauj
