2950 4934
436 447 856 519 urionrmsmrr.
1114 455 1182 548 ⁴¹9

160 583 236 648 Non
249 603 350 674 poma
367 579 580 663 Autumnus,
601 565 733 676 segetes
751 605 821 650 non
838 581 962 655 educat
979 584 1088 654 AEstus
1106 611 1114 651 :

208 695 370 786 Quaque
385 693 536 762 Palladio
554 716 697 762 munere
711 695 838 764 Bruma
858 712 952 766 caret
972 722 980 766 ι

160 809 364 880 Umbrarum
379 809 477 879 -nnllo
499 812 567 878 Ver
582 825 633 878 est
650 809 797 879 laetabile
817 811 889 882 fetu
898 863 910 898 ,

209 927 379 1021 Nullaque
397 929 433 996 in
451 929 598 996 infausto
615 929 767 996 nascitur
784 929 892 998 herba
910 930 981 999 solo
1003 956 1011 997 ε

159 1047 238 1114 Νοιι
255 1037 372 1139 punis,
394 1068 464 1113 non
482 1045 624 1113 haustus
639 1069 756 1137 aquoe,
776 1069 846 1116 nou
863 1047 1003 1117 ultimus
1022 1049 1112 1142 ignis
1130 1076 1137 1116 ε

212 1158 278 1226 Ηίο
294 1157 364 1226 solu
379 1158 455 1227 haeo
472 1155 541 1226 duo
559 1173 654 1240 sunt,
676 1159 788 1242 exsul,
808 1159 1025 1230 utensilium.

117 1357 264 1410 consistunt.
276 1373 291 1403 ι
310 1383 344 1399 ·-
359 1357 424 1427 Qun
439 1356 531 1410 ultima
550 1357 629 1412 verba
707 1359 1190 1417 5.Umbmmm.SicPitboens.Umbro·

119 1436 243 1502 (plures...
251 1452 350 1504 perege.
360 1442 444 1504 paam
461 1435 523 1500 cic.)
537 1469 545 1497 ,
558 1432 630 1488 addit
677 1459 738 1491 rum
749 1438 839 1492 vitiose
852 1453 889 1492 est
899 1441 927 1492 in
941 1441 1028 1493 codiee
1041 1440 1190 1494 Vosst-

117 1512 299 1579 Bonnannus,
318 1512 444 1564 illustrant
458 1511 537 1564 finem
553 1510 630 1583 hujus
678 1516 804 1586 briserum
812 1530 910 1590 prestat
917 1519 974 1572 cod.
982 1518 1062 1572 Selm.
1070 1519 1191 1592 probante

119 1586 630 1662 epigrammatistldicsoloboecduosmst,
678 1591 830 1645 Burmanno
848 1610 855 1646 t
876 1595 961 1649 vernis
977 1597 1045 1649 enim
1067 1595 1191 1662 imbribus

117 1672 199 1722 exsul
208 1678 234 1721 et
241 1670 371 1721 exsilium
380 1688 389 1721 .·
397 1688 448 1738 quo
457 1687 531 1721 versu
540 1667 631 1741 respici
678 1668 821 1722 secundari
831 1669 962 1738 tellurem,
975 1684 1003 1724 ut
1012 1673 1114 1726 umbras
1124 1673 1192 1727 msti-

117 1749 148 1800 ed
161 1749 263 1822 copiam
275 1747 389 1802 exsulum
402 1747 431 1801 in
444 1747 545 1801 Corsica
560 1747 631 1801 deli·
679 1765 723 1798 ves
746 1746 878 1801 arboribus
900 1749 1030 1822 proferat:
1053 1749 1191 1822 laudatque

118 1825 268 1880 incessum
284 1842 337 1878 οι.
354 1823 493 1879 crium
510 1825 631 1878 summ
679 1807 739 1878 tis
751 1825 846 1900 mgr.
858 1828 952 1898 cwig.
965 1831 994 1895 1,
1011 1828 1077 1890 ω,
1091 1830 1195 1883 univer

117 1902 283 1976 adscripscrat
300 1901 473 1956 Casanbonns.
487 1903 571 1972 Quam
586 1903 632 1957 di·
680 1903 843 1974 s‘mdrr'semm
855 1906 972 1958 occurrit.
981 1907 1046 1976 Quae
1058 1907 1103 1959 etsi
1113 1927 1158 1978 per
1168 1921 1202 1960 se·

117 2003 189 2037 versa
200 1995 289 2036 autem
305 1982 338 2035 de
349 1983 397 2036 bec
408 1982 492 2036 insula
507 1982 631 2056 prodide-
681 1981 786 2051 quidem
795 2001 856 2035 vern
866 1979 1024 2050 sintitamcn
1032 1984 1093 2038 huic
1103 1987 1196 2038 earmi-

116 2061 171 2114 rint
183 2073 314 2127 ennom,
327 2060 431 2134 collegit
444 2063 582 2134 Spanbem.
596 2062 630 2115 ed
681 2058 710 2110 ni
718 2059 802 2129 ‚qnod
814 2063 886 2114 omni
893 2063 1055 2116 loecunclitate
1065 2063 1195 2120 Corsicam

117 2137 271 2192 Quinam.
279 2139 375 2212 Hymn.
387 2139 415 2191 in
425 2139 487 2192 Del.
502 2159 605 2212 19,nec
616 2160 631 2193 a
682 2157 766 2192 carere
783 2139 920 2212 predicat,
936 2143 1107 2196 adversantur.
1120 2148 1143 2198 A
1156 2145 1195 2198 li-

118 2215 193 2270 nobis
201 2216 367 2290 pretermissa
378 2217 410 2270 ad
418 2216 522 2270 Consul.
529 2217 634 2272 Seneca
682 2215 767 2270 bracio
775 2218 859 2290 itaque
869 2219 974 2272 indocto
984 2217 1150 2274 banccodicis
1157 2223 1197 2274 le-

117 2293 150 2346 ad
159 2294 238 2348 flelv.
247 2293 266 2346 l
276 2293 294 2346 l.
306 2293 397 2346 aaut.
683 2293 794 2348 ctionem
806 2297 946 2368 profectam
959 2316 1012 2350 esse
1024 2319 1100 2352 nemo
1118 2299 1198 2352 dubi-

151 2373 177 2425 3.
190 2372 255 2426 Nm
262 2371 488 2439 poma-..Adicim-
500 2371 565 2448 Fepe
574 2393 634 2426 eon·
682 2372 781 2425 tarerit.
796 2373 913 2426 Umbros
925 2387 1008 2427 autem
1022 2395 1067 2448 pro
1080 2376 1155 2430 ramis
1168 2397 1197 2429 ac

118 2471 182 2505 sona
192 2462 272 2516 snut,
285 2463 405 2504 monente
417 2452 587 2505 Wemsdorl'.
601 2449 634 2504 ad
682 2452 750 2505 soliis
758 2450 887 2514 arborum,
900 2464 924 2507 et
935 2453 1051 2526 deinceps
1061 2469 1106 2526 pro
1116 2454 1196 2507 erbo-

118 2527 145 2581 b.
156 2529 175 2582 l.
188 2527 346 2582 beeovidii
358 2529 391 2581 de
400 2529 486 2583 Ponto
498 2546 509 2580 r
521 2569 528 2596 ,
540 2529 572 2593 3,
585 2532 634 2598 57:
681 2529 824 2604 ribus'ipsis
836 2567 844 2594 ‚
857 2529 972 2602 inprimis
989 2531 1116 2583 frondosis
1130 2531 1194 2599 diet,

119 2627 135 2654 e
146 2608 213 2660 Non
224 2625 285 2679 eger
293 2605 336 2659 bic
347 2625 469 2674 pomum,
481 2625 536 2658 non
546 2605 634 2658 dulces
683 2627 775 2673 nemo,
793 2607 839 2678 qul
852 2619 936 2678 poetes
950 2605 1059 2680 legerit,
1073 2609 1176 2680 ignorat
1188 2649 1195 2674 ,

118 2685 211 2738 educat
219 2703 281 2736 uvas
288 2701 295 2735 ι
302 2685 365 2736 Non
373 2683 461 2740 ssliees
468 2682 532 2754 ripe,
541 2681 635 2738 robore
684 2684 829 2756 doctequea
838 2683 927 2736 Burm.
937 2685 1002 2737 adh.
1013 2684 1030 2736 l.
1039 2686 1195 2739 adstructam

118 2775 210 2817 monte
224 2763 314 2816 virent.
324 2784 340 2810 s
685 2774 721 2814 est
740 2761 867 2836 exemplis.
881 2761 1109 2834 Umbrerumsetu
1127 2763 1196 2816 baud

151 2844 177 2908 ζ.
189 2843 421 2912 Gsnapnc...caret.
431 2839 568 2895 Neeotive
577 2859 635 2912 qne
685 2838 762 2892 dubie
774 2839 864 2892 durum
873 2851 918 2904 est,
929 2839 1011 2892 etsine
1017 2840 1132 2913 exemplo
1148 2842 1197 2893 Ita-

117 2921 250 2974 Minervas
260 2919 377 2974 inventio
382 2919 487 2984 snntlcl.
498 2919 635 2992 Spanlsem.
683 2937 732 2988 qne
743 2936 832 2989 parum
842 2916 910 2970 abest
920 2915 982 2986 quin
992 2917 1101 2980 credam,
1110 2916 1195 2983 fuisse,

117 2999 347 3072 adGeffimllpin
356 2997 635 3068 Palub),atquehieme
673 2997 783 3063 smetu,
804 2996 823 3047 i.
845 3015 901 3048 usu.
916 2997 1028 3049 Praelero
1049 2997 1127 3069 igitur
1139 3017 1197 3050 cum

117 3077 259 3150 leguntur,
285 3076 314 3130 in
335 3076 382 3129 hac
403 3074 486 3127 insula
511 3088 635 3128 crescunt.
683 3073 1197 3140 Wernsdorf.adh‚l.umbmmm‚nec

116 3155 296 3208 Werusdorl'·
305 3153 336 3206 asl
347 3153 401 3206 h.t.
411 3152 497 3205 laudat
505 3165 531 3205 et
541 3152 637 3226 Virgil.
684 3153 735 3207 nisi
750 3173 796 3226 pro
811 3153 867 3205 lusu
880 3152 978 3224 ingenii
993 3155 1198 3208 emendationem

116 3235 219 3308 Georg.
229 3236 269 3303 11,
285 3238 350 3306 ⁵¹9²
362 3232 468 3286 «Venit
480 3231 563 3285 biems
574 3254 581 3298 3
592 3239 637 3284 te·
686 3230 864 3302 Cannegietcri
872 3231 904 3282 ad
915 3233 1007 3285 Aviani
1017 3232 1057 3285 lab
1073 3233 1104 3285 33
1115 3255 1138 3306 p.
1152 3236 1198 3300 ¹8l

116 3315 186 3367 citnr
204 3312 330 3382 Sicyonia
352 3309 428 3364 bacca
448 3308 548 3382 inperii
560 3331 575 3356 a
589 3328 596 3362 τ
613 3322 638 3362 et
686 3309 769 3364 babeo
781 3328 786 3363 :
797 3329 811 3356 s
820 3309 869 3362 llic
879 3307 970 3364 llorum
980 3312 1101 3365 nullover
1109 3325 1144 3364 est
1154 3312 1200 3366 le-

117 3392 265 3448 Colnmell.
282 3392 377 3455 xxlt,
394 3391 428 3442 52
440 3392 514 3455 (non
526 3392 574 3455 5ο)
592 3388 638 3459 qui
686 3387 763 3441 tebile
777 3389 864 3440 term
883 3411 916 3428 -·
937 3388 1198 3458 Uerbrenrm...sc1o.

116 3473 267 3527 olivitatem
281 3471 415 3535 mediam,
435 3471 454 3523 i.
473 3490 494 3522 e.
512 3469 638 3522 olivarnm
687 3466 740 3519 Ver
750 3463 835 3517 nullas
849 3483 928 3516 novas
941 3465 1059 3533 frondes,
1073 3465 1089 3517 i.
1101 3485 1123 3517 e.
1136 3483 1200 3517 uma

116 3550 284 3604 vindemiam
306 3549 437 3612 mediam,
457 3567 511 3601 esse
535 3547 638 3600 initium
687 3541 760 3608 bras,
775 3555 897 3612 procreat.
906 3541 999 3595 fluet.

116 3628 277 3684 Decembris
283 3629 391 3682 monuit.
398 3627 566 3681 R.-Canam
575 3645 640 3678 vero
722 3641 746 3691 7.
760 3619 877 3674 Ultimus
893 3623 972 3689 ignis.
986 3620 1054 3672 Bart.
1068 3619 1099 3672 ad
1115 3619 1200 3672 Clan-

72 3725 83 3742 ·
118 3708 246 3762 brumam
258 3719 352 3770 vocat,
369 3706 423 3758 sive
433 3705 504 3775 quod
519 3702 640 3759 saviente
689 3700 759 3754 dian.
772 3699 921 3772 pdsnnon
937 3701 1011 3751 utilis
1022 3700 1091 3768 ignis
1106 3697 1201 3771 legen·-

116 3786 306 3840 biemeocnnia
318 3783 556 3850 albescantlllorae
564 3804 641 3836 carm.
691 3777 752 3830 dnm
764 3775 877 3850 putavit,
890 3786 918 3826 nt
931 3775 1052 3848 exprimat
1064 3788 1151 3828 auctor
1162 3775 1202 3826 ul·

118 3866 172 3920 lib.
185 3867 216 3932 1,
227 3865 277 3918 0d.
290 3879 321 3917 tv
331 3881 340 3917 t
352 3885 365 3910 ι
378 3863 412 3914 Et
420 3872 490 3936 prata
501 3861 570 3915 canis
580 3859 643 3914 albi·
691 3855 781 3907 limam
798 3863 931 3926 egestatem
942 3864 967 3905 et
981 3852 1151 3906 miserrimam
1163 3857 1205 3906 em

116 3940 644 4017 „ncpminis»),sivequodbmmretem·
692 3933 769 3996 sutis,
785 3931 827 3985 cui
848 3951 912 4000 aqua
929 3939 955 3982 et
974 3929 1028 4002 igni
1042 3931 1202 3984 interdictum

208 4041 291 4075 mu,
315 4021 431 4074 videam
448 4039 598 4084 genuum,
618 4032 643 4070 et
692 4014 784 4078 lucrat,
795 4007 1102 4063 calamitatem-Sedrccte
1113 4008 1202 4061 Burm.

116 4100 277 4174 pruinarum
289 4098 441 4170 niviumque
451 4096 564 4150 albedini
574 4096 643 4150 cani·
692 4090 724 4144 ad
742 4089 769 4141 b.
788 4087 807 4140 l·
826 4087 893 4140 hunc
913 4098 1029 4139 conatum
1043 4085 1154 4138 reludit:
1172 4085 1203 4136 de

115 4180 190 4232 ciem
199 4197 291 4232 senum
298 4176 408 4230 maxims
417 4175 527 4230 similem
537 4174 648 4247 quisque·
693 4169 754 4241 igne
773 4169 842 4222 enim
863 4166 918 4241 rogi
937 4166 1133 4241 intelligendum
1152 4187 1203 4219 csse

116 4257 231 4330 indicet.
255 4291 258 4295 ›
558 4237 565 4248 ⁰
695 4249 782 4301 docuit
795 4268 870 4319 quem
883 4247 973 4322 passim
988 4247 1074 4318 ignem
1087 4244 1204 4299 ultimum
