2950 4934
338 710 565 874 iussi
602 655 872 813 eursu
952 627 957 652 ’

127 1005 1068 1272 rursronoerffl

415 1371 782 1459 srorcouuu
913 1501 916 1506 .

468 1651 550 1692 urben
572 1651 728 1692 stennone.

511 1894 698 1920 aa*

349 2250 664 2314 DISSERTATIO
695 2253 857 2314 PRIMA.

69 2423 285 2506 Auteloqmbm
303 2425 338 2484 dc
362 2423 458 2484 Morte
485 2423 610 2505 aliquid,
638 2433 666 2482 et
691 2444 754 2482 enm
777 2425 969 2501 cogitatioroem
990 2426 1083 2485 utilem
1104 2427 1144 2484 od

393 2531 478 2591 orbam
493 2540 523 2589 et
538 2530 623 2590 robur
637 2531 729 2589 animi
742 2551 811 2589 esse.

108 2717 186 2777 Aun-
209 2713 275 2790 Ab,
295 2735 383 2796 quem
396 2714 486 2774 oeulis
501 2727 530 2774 et
543 2715 638 2774 animo
652 2714 757 2795 volupe
772 2727 832 2788 est,
849 2713 995 2774 meliorem
1010 2739 1142 2779 eommo-

68 2822 234 2905 dioremque
252 2833 282 2880 te
301 2818 419 2882 ridere!
443 2819 520 2881 ers.
543 2821 643 2881 Paullo
663 2820 801 2904 quidem,
816 2821 920 2880 licebat
936 2821 1053 2882 addere.
1070 2824 1143 2884 Nam

67 2952 103 2990 ue
118 2952 217 3004 erres,
238 2931 351 3004 amice,
374 2932 428 2990 etsi
448 2929 564 2990 morbus
585 2929 670 3005 abiit,
686 2929 809 3013 languor
822 2932 908 2990 etiam
923 2929 1026 3004 babet,
1043 2943 1072 2990 et
1087 2953 1143 2992 va-

67 3056 150 3096 cuum
162 3035 247 3096 valde
260 3037 365 3097 virium
380 3057 427 3096 me
440 3037 573 3117 reliquit:
584 3035 659 3096 Auo.
677 3035 757 3095 Deus
771 3035 890 3108 reddet,
906 3053 971 3095 meo
985 3049 1013 3095 et
1027 3037 1143 3118 publico

66 3154 130 3202 voto
142 3166 151 3202 ε
165 3142 219 3203 sed
228 3142 344 3225 quando
358 3156 390 3202 tu
403 3143 485 3203 uobis
499 3142 610 3222 reliqua
624 3163 787 3202 sermonum
800 3185 807 3216 ,
824 3161 895 3222 quos
905 3142 1031 3221 jucunde
1043 3155 1072 3202 et
1084 3144 1144 3202 uti-

66 3247 132 3310 liter
154 3248 344 3310 serebamus?
366 3249 443 3310 ers.
467 3249 603 3310 Frontem
625 3250 712 3309 etiam
732 3246 842 3308 bobes?
858 3259 887 3308 et
902 3259 931 3306 te
946 3247 1093 3309 hominem
1107 3249 1145 3310 ad

66 3355 196 3417 laborem
219 3355 344 3431 ducere,
371 3357 417 3415 cui
439 3377 539 3416 severa
564 3356 696 3436 quamvis
721 3365 813 3414 castra
838 3353 907 3413 dent
927 3357 1144 3416 commeatum?

66 3461 177 3524 laxem
192 3463 336 3535 animum,
348 3463 423 3522 vires
433 3464 607 3536 instaurem,
623 3463 648 3520 si
662 3461 725 3520 Deo
737 3461 831 3520 visum
845 3484 854 3520 r
869 3473 898 3521 et
911 3473 973 3522 tum
983 3461 1054 3522 ludo
1064 3461 1142 3537 huic,

66 3591 123 3628 non
137 3569 229 3643 ludo,
252 3590 299 3629 me
314 3569 447 3628 include.
472 3567 556 3628 Nune
572 3567 690 3650 quidem
714 3567 775 3626 alie
796 3567 867 3628 mibi
882 3570 943 3629 istis
960 3557 1145 3652 cogitationes

66 3687 151 3748 sunt,
168 3685 219 3733 aut
233 3695 316 3734 cure.
333 3674 408 3735 Auo.
425 3675 494 3749 Quae
508 3674 584 3734 illm?
599 3673 676 3734 brus.
694 3674 869 3748 Mortuales,
885 3689 918 3735 ut
932 3676 1020 3736 verbo
1034 3688 1063 3736 te
1077 3698 1145 3757 peu-

65 3783 173 3840 eutinm
184 3823 195 3867 2
211 3801 307 3862 neque
319 3802 396 3841 nune
409 3779 510 3840 videor
523 3777 596 3840 mihi
612 3780 689 3839 boun
703 3779 761 3840 fide
776 3781 812 3838 ab
825 3779 891 3840 Orei
902 3781 1002 3840 limine
1014 3781 1142 3848 rediisse.

65 3886 141 3947 Auo.
171 3884 241 3944 Hoc
265 3898 349 3961 sunt,
377 3908 395 3946 o
417 3885 699 3967 quibuskabducturn
721 3888 810 3968 igitur
823 3898 853 3946 te
868 3888 940 3946 imus
956 3911 964 3946 ε
981 3887 1085 3969 pabula
1102 3891 1145 3950 tui

65 3992 183 4067 morbi,
204 4004 272 4052 atrro
292 3991 368 4051 illius
389 3992 455 4052 bilis
472 3994 602 4075 germina
617 4005 646 4053 et
662 3991 758 4052 soetus.
777 3993 855 4051 Pone
870 3994 923 4052 ista
939 3993 976 4053 de
990 4005 1080 4054 morte
1096 4007 1146 4054 uut

65 4099 169 4158 morbo
183 4099 287 4173 etiam,
304 4100 403 4182 etjam
418 4099 505 4158 vales.
523 4099 600 4160 ers.
618 4100 700 4159 Tune
716 4098 787 4157 dicis
805 4121 812 4156 ε
830 4097 1041 4179 Philosophiam
1056 4100 1144 4182 igitur

65 4227 177 4285 ponere
201 4227 248 4266 me
268 4203 367 4284 jubes,
393 4227 479 4286 quom
502 4227 603 4286 nuper.
618 4204 842 4279 definiebamus,
866 4205 1072 4266 meditationem
1086 4228 1145 4266 esse
