2950 4934
409 379 557 450 uovn
580 378 927 458 unicornuus.
1008 429 1012 438 .
1136 379 1203 474 ⁴⁰7

141 507 235 592 ginis,
251 507 444 588 versibusque
458 508 664 582 contineatur,
674 528 767 590 quum
780 507 841 570 late
849 519 972 592 pateant
984 507 1118 583 lacunce,
1131 521 1205 590 quot

141 634 192 678 seu
205 634 307 677 versus
320 635 373 676 seu
390 613 496 676 litterae
511 614 659 698 perierint
672 614 722 677 vel
736 614 797 698 legi
810 634 872 675 non
886 614 1054 697 potuerint,
1071 634 1206 698 praeser7

141 721 192 782 tim
205 719 236 780 in
256 720 294 782 iis
309 741 374 801 quoe
393 720 518 802 majoris
539 721 629 803 pretii
650 734 742 795 sunt,
763 719 986 783 accuratissime
1010 732 1079 782 ante
1101 720 1207 784 oculos

140 847 340 910 proponerem
359 849 367 884 t
386 825 427 888 ita
444 827 525 888 enim
541 827 598 888 viri
617 827 726 890 criticae
741 825 814 890 artis
833 825 923 911 periti
944 827 996 910 qui
1009 829 1048 890 ad
1069 827 1205 892 codicem

141 936 279 996 accedere
288 945 456 1015 nequeunt,
473 945 536 994 tuto
549 954 615 996 sese
629 933 662 994 in
675 934 862 996 emendando
878 933 1106 1017 supplendoque
1116 953 1207 996 exer-

140 1062 205 1105 cere
217 1054 377 1124 poterunt:
391 1041 414 1102 ii
428 1061 501 1103 vero
512 1041 681 1125 praecipue,
696 1042 749 1123 qui
762 1055 831 1126 post
844 1063 894 1104 me
908 1043 999 1106 hasce
1010 1041 1204 1105 membranas

140 1146 323 1221 utetubunt,
341 1146 399 1210 ltuc
413 1147 531 1210 ratione
546 1168 580 1210 se
596 1146 684 1214 valde
701 1148 837 1230 adjuvari
851 1147 985 1210 tendent.
1000 1145 1047 1209 Ea
1066 1159 1112 1210 est
1123 1147 1204 1209 enim

138 1249 222 1334 hujus
230 1252 468 1336 investigationis
476 1252 603 1326 indoles.
613 1252 795 1335 ubicumque
807 1254 954 1338 scriptura
963 1252 1136 1315 oblitterata
1147 1265 1203 1330 est,

139 1371 169 1420 ut
180 1360 229 1422 rix
245 1360 288 1422 ab
300 1379 362 1422 nno
384 1359 489 1443 perfici
511 1361 606 1443 possit
622 1382 631 1419 τ
649 1360 726 1423 alius
744 1373 866 1443 postea,
890 1359 998 1423 deiude
1021 1359 1098 1422 alius
1116 1359 1203 1443 plura
1244 1339 1254 1357 ’

138 1485 226 1547 quam
236 1465 355 1550 primus
368 1466 467 1530 editor
479 1467 607 1532 feliciter
619 1467 781 1531 donando
794 1481 968 1548 assequatur
980 1512 989 1544 ‚
1002 1481 1091 1549 utque
1100 1486 1120 1527 a
1133 1485 1204 1530 con·

136 1573 256 1655 itetutio
277 1594 454 1659 progressus
474 1575 567 1638 etiarn
588 1575 685 1640 oculis
698 1589 842 1660 agnoscat
855 1598 863 1635 ε
878 1588 968 1658 utque
983 1575 1046 1639 huto
1066 1574 1204 1660 prolecto

138 1681 223 1744 mica
238 1681 397 1744 adomnia
411 1681 557 1766 paulatim
567 1682 600 1742 in
611 1681 784 1764 hujusmodi
794 1681 947 1746 codicibus
959 1681 1145 1766 exculpenda
1156 1681 1215 1748 viu,

138 1802 192 1852 est.
211 1786 284 1873 Ego
304 1809 398 1866 vero,
414 1791 441 1853 si
456 1790 533 1852 alius
553 1809 590 1852 et
604 1792 642 1852 de
657 1789 766 1872 quibus
783 1790 942 1873 desperari
959 1811 977 1852 u
998 1811 1031 1852 se
1046 1803 1205 1874 perspectu

138 1916 200 1958 ease
209 1897 410 1974 monstrabit,
419 1897 482 1958 sive
497 1895 590 1958 etium
601 1940 609 1970 ,
622 1895 694 1964 licet
704 1915 813 1976 magna
829 1894 962 1958 adhibita
972 1895 1141 1980 diligentia,
1156 1917 1211 1988 me·

136 2023 350 2084 nonnunquam
363 2023 480 2066 errasse
493 2047 502 2076 ,
519 2002 645 2064 minime
657 2023 708 2063 me
721 2002 887 2084 ignominia
907 2001 1050 2065 allectum
1066 2023 1131 2064 esse
1154 2023 1206 2064 ar-

137 2109 275 2172 bitrabor
295 2133 303 2170 z
324 2110 396 2192 quin
415 2112 515 2193 potius
535 2109 594 2172 hoc
613 2129 779 2190 consequar
798 2121 832 2169 ut
853 2109 976 2170 eosdem
991 2109 1074 2170 viros
1092 2129 1205 2192 gnavus

137 2217 204 2279 fidei
212 2237 292 2279 meac
304 2230 395 2280 testes
403 2216 535 2279 habeam
546 2229 705 2278 :vcaeternm
713 2235 776 2276 non
786 2234 855 2276 mea
866 2235 916 2278 res
929 2226 1045 2298 agetur,
1060 2216 1113 2276 sed
1124 2235 1207 2277 conu-

137 2323 233 2386 munis
249 2323 420 2386 litterarum
433 2323 565 2400 utilitas,
581 2343 645 2404 (pue
661 2320 750 2386 bouis
764 2321 905 2386 omnibus
918 2343 1040 2406 semper
1052 2321 1208 2386 carissimu

136 2427 209 2504 luit,
226 2443 260 2492 et
273 2450 339 2491 esse
351 2429 449 2492 debet.
461 2455 480 2486 a
498 2427 572 2508 (Ex
586 2427 704 2491 Notitia
715 2474 733 2504 ,Α
743 2452 774 2512 p.
791 2425 865 2512 η.)

174 2532 248 2597 Hoc
274 2547 376 2597 tamen
399 2535 564 2598 institutum
585 2536 743 2620 paululum
767 2535 937 2597 immutavit
961 2538 993 2598 iu
1017 2535 1139 2599 edendis
1159 2536 1208 2598 his

137 2639 261 2705 Senecae
281 2639 493 2725 Frumentis,
514 2665 597 2725 quoe,
621 2663 692 2708 sone
712 2640 821 2704 melius
833 2655 969 2720 servata,
987 2643 1079 2726 paulo
1098 2643 1207 2706 melius

136 2769 228 2830 quam
240 2747 360 2830 reliqua
375 2749 435 2832 legi
446 2761 596 2833 poterant.

179 2882 195 2912 ι
211 2852 250 2916 Ιιι
267 2854 315 2917 luis
328 2852 521 2938 Fragmentis
539 2855 771 2938 proponendis,
792 2855 887 2938 iuquit
907 2853 938 2915 in
963 2874 1070 2915 corum
1089 2853 1207 2932 fronte,

137 2963 210 3024 satis
224 2962 325 3024 uisum
338 2974 385 3024 est
397 2961 501 3024 omnia
515 2959 635 3043 vulgato
651 2981 737 3024 more
759 2974 847 3042 atque
867 2961 1055 3043 interpuncta
1075 2961 1210 3044 perscri-

138 3067 232 3141 ltere3
250 3067 377 3152 paginas
392 3080 495 3129 tamen
516 3065 647 3143 codicis,
665 3081 696 3130 et
708 3081 851 3149 quantum
873 3067 1072 3204 quoqusloco
1087 3067 1211 3130 oblitte-

139 3185 241 3238 ratum
258 3173 299 3236 sit
312 3186 451 3238 accurate
465 3171 635 3236 iudicavi.»
