2950 4934
320 432 571 503 PHYSIOL.
600 433 856 505 STOICOR.
882 434 980 505 LlB.
1008 436 1059 503 11.
1159 438 1222 506 611

148 579 237 657 Quod
247 578 297 639 ille
304 592 401 639 umen
409 578 526 660 proprie
535 575 572 637 de
580 575 754 637 Britannicis
764 576 864 637 insulis
874 578 1030 653 intellexit,
1040 582 1109 641 etin
1118 580 1230 643 Claudii

143 687 269 771 gratiam
291 686 415 766 scripsit.
439 684 533 769 Magis
552 705 605 765 pro
626 681 726 755 uobis,
745 683 823 765 quod
842 682 920 745 idem
936 686 1037 760 timet,
1058 698 1087 747 et
1102 688 1230 749 timendo

145 794 270 855 adstruit
283 789 323 874 (V
337 792 442 867 Quaest.
459 813 523 873 esp.
541 787 630 871 ult.)=
646 816 660 843 a
675 789 762 849 Unde
777 791 854 864 seio,
871 814 907 851 an
922 814 999 853 nuno
1010 793 1112 875 aliquis
1121 818 1231 878 magne

145 900 241 983 gentis
257 900 288 958 in
303 898 402 959 abdito
416 898 568 973 dominus,
584 896 706 957 fortunas
718 896 897 979 indulgentia
912 912 1041 975 tumens,
1058 922 1116 961 non
1133 904 1231 963 conti-

145 1020 220 1067 neat
233 1008 308 1067 intra
324 1006 460 1065 terminos
475 1026 572 1079 arma,
588 1027 626 1063 an
642 1017 725 1087 paret
739 1005 862 1077 classes,
879 1007 975 1088 ignote
992 1007 1130 1067 moliens?
1144 1010 1231 1069 Unde

144 1115 220 1187 seio,
230 1112 277 1173 bie
286 1112 370 1186 mibi,
380 1134 418 1171 an
430 1112 479 1171 ille
489 1124 592 1171 ventus
599 1112 708 1171 bellum
718 1096 848 1173 invehet¹
860 1112 872 1170 l
886 1140 899 1165 ιι
913 1112 1009 1173 Polam
1019 1116 1161 1191 ostendit,
1171 1138 1231 1177 ms-

144 1240 221 1303 gnos
235 1240 317 1302 reges
328 1231 358 1279 et
368 1230 487 1300 gentes,
506 1218 581 1278 ultra
593 1218 701 1289 maria,
719 1218 831 1299 ignotos
845 1236 917 1278 esse.
934 1218 994 1277 lllis
1010 1220 1133 1301 ignotos,
1148 1223 1232 1283 nobis

146 1326 308 1387 noscendos
324 1348 332 1383 s
348 1326 418 1387 alibi
433 1326 519 1385 otiam
537 1326 574 1383 ab
595 1344 630 1385 eo
649 1324 816 1405 pradictum
830 1324 907 1406 (vll
922 1324 1047 1401 Quart,
1069 1348 1132 1409 cap.
1155 1327 1230 1410 31)=

148 1462 166 1489 ι
186 1435 278 1495 Multa
304 1435 448 1494 venientis
466 1434 518 1493 aevi
540 1433 663 1513 populus
687 1434 784 1515 ignota
799 1431 883 1493 nobis
899 1434 979 1495 sciet.
1007 1432 1101 1495 Multa
1123 1438 1232 1497 saeculis

145 1541 271 1614 fumeis,
287 1562 378 1620 quum
392 1540 532 1599 memoria
547 1541 637 1599 nostri
651 1541 825 1613 exoleverit,
848 1552 1039 1601 reservantur.
1059 1542 1165 1603 Pusilla
1185 1566 1232 1604 res

144 1648 277 1709 Mundus
292 1657 353 1719 est,
370 1646 427 1705 nisi
438 1646 473 1705 in
496 1646 545 1705 illo
560 1645 639 1725 quod
653 1658 761 1727 qrraerat
776 1648 869 1707 omnis
884 1647 1012 1709 Mundus
1027 1648 1140 1711 babeat.
1162 1678 1176 1705 n
1194 1655 1233 1711 At

144 1776 221 1815 vero
231 1754 371 1835 Virgilius
381 1751 565 1825 vaticinatur,
580 1753 667 1811 etiam
681 1751 813 1811 Romano
828 1754 948 1834 irnperio
962 1766 1053 1815 terras
1068 1778 1116 1816 eas
1127 1754 1234 1839 (neque

149 1861 233 1921 enirn
246 1859 285 1921 de
299 1859 362 1918 aliis
376 1856 518 1939 ceperim)
531 1856 734 1937 subjiciendas.

437 2024 527 2041 ......
539 1990 606 2051 jsest
617 1995 685 2038 extra
696 1987 775 2039 sidera
786 1988 870 2049 tellus,

316 2084 393 2133 Extra
404 2081 464 2130 anni
475 2080 582 2148 aalma
593 2081 657 2141 vin,
671 2080 714 2131 nst
725 2080 815 2131 auser
826 2081 893 2131 suas

316 2177 394 2223 Artem
404 2173 507 2222 humero
519 2178 617 2240 torquet
624 2172 699 2222 stellis
710 2171 850 2224 ardentibus
860 2180 955 2242 aptum.
970 2174 1035 2243 (Vl,
1048 2179 1102 2227 AEn.
1116 2176 1193 2245 795)

146 2320 165 2347 s
180 2290 270 2351 Extra
279 2290 393 2350 sidera?
408 2295 459 2371 qui
474 2291 587 2370 potest?
597 2316 611 2343 a
628 2290 696 2349 caelo
710 2302 789 2350 certe
800 2292 906 2373 tegitur
921 2314 929 2348 τ
946 2292 996 2351 sed
1011 2295 1120 2372 majora
1137 2296 1232 2355 sidera

144 2400 269 2480 accipe,
287 2409 337 2457 aut
355 2398 500 2477 planetas,
527 2399 578 2478 qui
600 2399 677 2457 intra
695 2398 833 2479 Tropicos
856 2396 1023 2459 decurrunt.
1043 2399 1114 2461 Ideo
1130 2402 1230 2477 addit,

145 2506 228 2567 velut
238 2506 439 2584 interpretans,
455 2532 469 2557 α
484 2502 574 2565 Extra
589 2506 658 2563 anni
674 2518 703 2563 et
718 2506 785 2564 solis
796 2505 868 2563 vias.
881 2532 895 2557 u
908 2503 985 2587 Ergo
998 2508 1072 2566 ultra
1082 2514 1232 2573 etiamnu-

144 2618 245 2694 μάνην,
258 2611 360 2683 idest,
372 2610 644 2683 Torridam,loeat=
657 2630 762 2690 nempe
773 2614 900 2690 ἀπάξονα
910 2612 988 2670 illam
1002 2612 1102 2689 nobis,
1116 2628 1145 2675 et
1154 2628 1230 2675 tem-

144 2732 294 2803 peratam,
310 2732 444 2800 utsupra
458 2719 577 2779 dietum.
595 2718 669 2777 Nam
685 2717 721 2778 de
736 2719 851 2777 Atlante
865 2719 943 2799 quod
959 2722 1105 2797 scribitur,
1120 2725 1231 2785 nonde

144 2826 199 2887 illo
209 2825 312 2885 Africa
325 2827 482 2908 intelliges,
497 2824 551 2885 sed
565 2824 601 2885 de
616 2825 671 2883 isto
680 2844 767 2904 quem
779 2822 858 2884 Plato
869 2826 1041 2899 celebravit,
1056 2840 1085 2887 et
1094 2850 1230 2911 regnasse

144 2934 184 2993 iis
209 2932 279 2991 locis
308 2933 415 2993 scribit.
438 2930 500 3003 Eo,
516 2931 631 3010 inquit,
654 2930 798 3012 Augustus
820 2929 948 3010 meeres
963 2934 1120 3013 s'rrspers'um.
1140 2934 1229 2998 Estne

144 3039 277 3114 paetum?
293 3061 397 3121 nngae,
413 3051 443 3097 et
456 3038 542 3098 mella
556 3038 689 3118 poetica3
705 3038 779 3109 etsi,
795 3036 949 3097 Meriones
970 3040 1082 3101 Siculus
1101 3044 1227 3119 Auctor,

147 3174 164 3200 s
181 3158 327 3227 repertum
351 3146 383 3205 in
405 3145 486 3204 Novo
509 3144 579 3205 orbe
592 3166 742 3204 nummum
759 3166 877 3204 aureum
891 3158 1034 3223 veterem,
1051 3170 1117 3208 eum
1134 3154 1227 3234 effigie

144 3253 270 3335 Augusti
288 3274 296 3311 e
314 3274 438 3333 eumque
454 3251 574 3311 llemmn
590 3250 627 3309 ad
647 3252 831 3324 Pontificem,
848 3252 914 3311 fidei
931 3274 1017 3336 ergo,
1040 3257 1158 3317 missum
1175 3280 1228 3338 per

145 3358 168 3420 J
168 3382 291 3421 oannem
299 3360 418 3419 Rullum
426 3403 435 3431 ,
448 3348 623 3440 Episcopum
631 3356 848 3419 Consentinum.
860 3386 874 3412 s
887 3359 912 3419 Ο
923 3361 1030 3421 bellum
1042 3363 1227 3445 impostorem

144 3480 200 3528 ant
215 3466 379 3539 ludionem‚
401 3466 532 3547 quisquis
545 3486 695 3523 nummum
712 3464 753 3523 ibi
769 3462 881 3545 abjicit!
902 3486 969 3525 nuru
986 3468 1067 3529 aliter
1081 3484 1226 3551 repertum

144 3588 209 3637 non
225 3596 305 3647 esse,
321 3572 393 3635 milti
407 3572 527 3654 quidem
542 3572 649 3653 liquet,
664 3572 720 3631 nisi
732 3574 758 3631 si
770 3571 879 3633 Genius
890 3573 944 3635 boe
956 3574 1034 3637 lesit.
1049 3576 1124 3637 lllud
1135 3581 1226 3662 magis

145 3680 255 3740 mirum
277 3690 307 3741 et
328 3678 434 3753 fidum,
453 3677 533 3758 qssod
548 3678 671 3761 Hispani
683 3679 828 3753 scribunt,
847 3705 861 3733 e
875 3680 905 3739 in
921 3682 1011 3756 valle,
1028 3704 1090 3763 quae
1107 3683 1224 3745 Gentem

145 3786 274 3860 (licitam,
290 3786 322 3845 in
339 3785 415 3845 Chili
434 3786 597 3867 provincia,
615 3785 753 3867 oppidum
772 3808 850 3861 esse,
869 3789 948 3869 quod
962 3788 1114 3871 imperiale
1126 3792 1162 3851 ab
1172 3792 1225 3852 hae

144 3912 234 3952 causa
255 3891 421 3962 nominant,
450 3892 585 3972 quoniam
610 3892 641 3951 in
669 3892 812 3974 plerisque
835 3892 966 3953 domibus
987 3906 1016 3954 et
1034 3898 1123 3977 portis
1137 3920 1226 3979 repe-

143 4010 249 4059 renmt
259 3998 376 4079 Aquilas
388 3998 520 4079 bicipites
536 3996 686 4072 formatas,
704 4009 737 4057 ut
751 3997 837 4059 hodie
852 3998 983 4061 ridemus
992 4000 1152 4065 inllomani
1166 4005 1225 4065 im-

182 4221 956 4294 ¹utuocseuss2mmnsngwsnmsmpmmm.
