2950 4934
701 407 856 530 iusrr
882 460 1044 530 mrsu

646 737 959 800 DISSERTATIO
987 741 1080 804 XXI.

328 869 461 980 natm
480 920 538 982 Da·
552 922 657 990 verer,
677 923 728 1003 qui
746 921 846 1004 uirique
860 931 917 992 est.
941 923 994 982 sed
1010 925 1160 1004 conspicuo
1178 935 1272 988 mmm
1287 926 1377 985 eea

820 1024 914 1086 Cute.

368 1227 432 1288 Euo
442 1250 490 1288 me
500 1229 643 1311 ahjnngo;
655 1243 761 1302 etrus,
777 1231 845 1290 honi
857 1231 982 1310 malique
995 1229 1080 1290 Genii
1092 1274 1101 1304 ,
1113 1229 1220 1303 savae,
1232 1241 1281 1288 aut
1288 1228 1375 1286 valete:

325 1335 364 1394 od
380 1335 514 1394 llumana
528 1337 586 1414 jam
602 1337 686 1394 imus.
705 1339 780 1396 Anu.
799 1336 913 1400 Leviter
924 1357 971 1396 me
985 1337 1112 1408 sistente,
1126 1348 1154 1394 et
1164 1357 1252 1416 supcr
1264 1335 1315 1392 Dei
1323 1333 1375 1392 sede

323 1456 352 1501 et
366 1443 430 1502 loco
445 1441 554 1521 aliquid
568 1444 741 1521 requirente.
759 1441 866 1502 Genios
883 1443 1045 1523 disposuisti
1059 1466 1066 1500 ι
1080 1443 1155 1502 hunc
1169 1441 1300 1500 omittes?
1314 1440 1373 1498 Lus.

325 1548 392 1608 Feci
402 1570 493 1620 vero,
509 1559 541 1604 ut
555 1547 729 1629 condignum
746 1549 808 1628 ipso
823 1561 884 1608 erat
897 1572 905 1606 ε
919 1549 1026 1627 ubique
1042 1547 1168 1628 disposui
1180 1571 1188 1604 ε
1200 1549 1253 1628 qui
1268 1559 1307 1605 est
1318 1547 1374 1604 intra

321 1655 436 1728 omnia,
453 1655 504 1734 qui
520 1665 601 1714 extra
616 1655 730 1726 omnia,
747 1655 810 1714 sine
825 1654 905 1728 loco,
921 1655 984 1712 sinc
998 1667 1094 1726 motu,
1111 1675 1234 1734 semper.
1252 1655 1321 1714 Anu.
1335 1653 1375 1710 lt·

323 1761 373 1840 qui
388 1759 514 1819 Stoicum
535 1781 641 1840 nempe
664 1781 740 1818 nunc
758 1760 838 1840 agis,
860 1772 888 1820 et
908 1759 981 1818 hanc
1004 1759 1161 1818 doctrinam
1178 1760 1297 1820 revelas.
1313 1757 1373 1817 lau.

321 1871 400 1949 Ago,
416 1869 522 1928 revelo.
541 1869 616 1927 dnn.
634 1867 736 1928 Aliena
753 1869 841 1948 igitur
854 1868 891 1926 ab
906 1890 959 1941 ea,
975 1890 1038 1948 φη
1053 1867 1167 1940 dixisti,
1184 1879 1213 1926 et
1228 1867 1375 1926 dicis.Tcr·

321 1973 472 2032 tullianum
494 1972 562 2032 andi
583 1971 718 2053 (Apolog.
742 1995 805 2052 cap.
829 1970 903 2054 dv:
923 2000 936 2026 ι
947 1971 1033 2032 Stoici
1048 1973 1142 2032 Deum
1157 1985 1239 2032 extra
1253 1972 1374 2032 Mundum

318 2090 462 2151 statuunt,
479 2079 531 2158 qni
546 2078 625 2159 figant
640 2078 727 2138 modo
743 2079 920 2138 extrinsecus
935 2090 1067 2158 torquent
1080 2079 1184 2138 molem
1194 2078 1270 2138 hanc
1279 2103 1287 2138 r
1297 2078 1375 2138 Plato·

319 2185 378 2244 uici
395 2196 491 2244 eutem
509 2185 585 2243 intra
607 2183 768 2256 Mundum,
786 2186 875 2246 instar
890 2183 1095 2246 Gubernatoris
1118 2187 1148 2244 in
1163 2188 1241 2244 navi.
1258 2213 1270 2238 ιι
1287 2184 1373 2246 Viden'

320 2292 415 2373 palam
430 2301 512 2348 extra
525 2288 668 2348 Mundum
684 2289 768 2348 esse?
784 2288 862 2350 hirs.
879 2289 963 2364 Dici,
981 2311 1039 2350 non
1054 2312 1136 2350 esser
1151 2293 1372 2352 ctaTertulliano

318 2398 393 2469 dici,
412 2409 498 2476 atque
513 2395 567 2454 hoc
583 2395 703 2475 impingi
717 2393 835 2468 Stoieis,
850 2396 1015 2476 planissime
1028 2419 1081 2459 nec
1097 2397 1204 2456 dictum
1221 2400 1259 2458 iis
1271 2421 1319 2458 nec
1331 2419 1373 2456 co-

318 2505 450 2587 gitatum.
469 2500 619 2575 Quomodo
640 2500 769 2581 possint?
793 2501 876 2570 toties
898 2501 1020 2576 audisti,
1049 2529 1062 2554 ι
1075 2502 1203 2562 Mentem
1224 2526 1277 2584 per
1296 2503 1371 2562 onnia

319 2621 547 2681 commeantem,
565 2608 716 2697 diffusam,
733 2607 865 2667 omuibus
881 2608 1013 2666 insitante
1031 2633 1044 2660 ιι
1063 2621 1091 2668 et
1102 2629 1164 2688 que
1178 2630 1238 2668 non
1254 2629 1319 2691 opus
1330 2609 1372 2666 ite·

319 2739 393 2776 rere.
410 2715 504 2789 Quaeri
518 2735 588 2773 sane
601 2713 656 2771 hoc
670 2713 762 2772 solere
777 2713 813 2770 nh
829 2712 908 2786 aliis,
924 2734 982 2772 non
996 2713 1090 2772 abnuo
1105 2726 1134 2774 et
1147 2713 1256 2774 Seneca
1269 2711 1372 2774 ostendit

315 2821 457 2906 (nevit.
477 2819 556 2880 Beat.
573 2841 638 2901 cap.
654 2816 706 2898 31)
721 2840 730 2876 e
747 2817 849 2876 «Deus
862 2829 957 2878 utrum
974 2810 1150 2880 extrinsecus
1164 2823 1246 2902 operi
1262 2843 1310 2880 suo
1323 2820 1373 2878 cir-

317 2928 464 2990 cumfusus
479 2928 534 3000 sit,
552 2949 589 2984 an
605 2925 657 2984 toti
673 2922 800 2984 inditus?
816 2951 829 2978 ιι
847 2937 932 3005 etque
952 2926 1040 2986 altera
1061 2927 1118 2988 hnc
1133 2949 1215 3008 pars,
1232 2949 1310 2987 meus
1323 2927 1373 3006 ipse
1436 2953 1437 3026 p

204 3053 208 3058 ’
317 3047 362 3107 est
370 3035 540 3094 Stoicorum.
553 3030 670 3091 Planius
682 3030 767 3089 etiam
780 3019 872 3090 cidem
884 3051 1017 3111 expressa
1028 3033 1094 3092 alibi
1106 3031 1132 3114 (Ι
1142 3033 1246 3108 Quaest.
1259 3033 1371 3094 Nauirrl.

317 3144 349 3200 in
372 3140 469 3220 Praet.)
491 3163 500 3198 ε
523 3137 630 3197 «Solus
654 3150 698 3196 est
719 3139 832 3211 omnia,
857 3159 928 3218 opus
944 3160 1029 3198 suum
1043 3140 1117 3200 intra
1133 3154 1161 3200 ct
1177 3154 1257 3200 extra
1271 3153 1372 3200 tenet·
1436 3173 1437 3208 i

317 3247 395 3321 Quid
410 3258 503 3326 potest
519 3244 641 3304 clarius?
659 3244 747 3324 tiqui
761 3244 952 3304 Tertullianus
967 3258 1084 3326 aperte;
1100 3247 1169 3327 quid
1183 3247 1220 3308 ad
1236 3248 1313 3308 rem?
1326 3247 1375 3336 scio

318 3354 416 3414 Patres
432 3353 494 3412 illos
509 3373 613 3432 parum
635 3352 771 3430 inquisite
791 3373 865 3431 sepe
890 3352 998 3432 aliquid
1021 3353 1184 3428 adstruere,
1204 3367 1232 3414 et
1247 3368 1371 3414 seruum

316 3461 431 3520 decretu
447 3459 629 3538 permiscere.
648 3457 683 3516 In
700 3459 903 3538 exemploalio
920 3459 1032 3520 illustri.
1045 3460 1218 3542 Theophilus
1232 3461 1373 3521 Antioche-

315 3590 369 3628 nus
387 3567 568 3640 Patrierchn,
585 3566 752 3626 Tertulliani
767 3587 825 3626 aevo
841 3566 902 3628 lere
917 3589 1043 3648 compar,
1059 3569 1095 3628 ad
1110 3570 1278 3650 Autolycum
1288 3570 1374 3630 scribit

314 3672 386 3755 (lih.
405 3672 475 3755 ll)=
493 3673 622 3745 «Stoici,
640 3673 733 3732 Deum
750 3675 856 3732 esseio
872 3675 1037 3737 universum
1053 3676 1194 3757 abnegant
1209 3700 1216 3734 r
1233 3689 1281 3734 ant
1293 3679 1316 3736 si
1328 3677 1372 3746 sit,

314 3792 446 3840 asserunt
468 3801 534 3839 eum
557 3779 662 3839 nullius
681 3799 767 3858 quam
791 3781 854 3852 sui,
878 3801 974 3840 eurem
990 3803 1099 3862 gerere.
1115 3808 1128 3835 ιι
1150 3781 1374 3862 Oimprovidcn·

314 3883 403 3946 tiam!
426 3908 487 3944 non
512 3887 588 3945 enim
610 3886 769 3956 malitiam,
793 3899 822 3946 et
844 3899 937 3966 potest
954 3888 1109 3968 quidquam
1126 3887 1269 3948 adversius
1285 3909 1373 3948 corum

313 3994 405 4052 menti
421 3992 499 4052 dici?
517 3991 554 4050 Et
567 4015 604 4051 ne
619 4013 744 4056 errorem
758 3993 839 4076 rerhi
854 4006 953 4072 putes,
969 3993 1065 4068 addit,
1084 4023 1098 4048 ι
1110 3994 1179 4054 Haec
1196 3995 1293 4054 eadem
1307 3992 1374 4075 Epi-

186 4103 192 4121 *
312 4123 416 4160 curum
426 4113 454 4160 et
466 4100 656 4179 Chrysippum
667 4099 772 4158 dicere.
786 4077 801 4152 i»
818 4101 862 4160 De
875 4099 1016 4181 Epicuro,
1030 4104 1135 4162 scimus
1148 4115 1175 4160 et
1186 4103 1371 4184 agnoscimus3

119 4191 125 4215 ⁰
252 4189 257 4197 ¹
312 4205 349 4276 de
364 4205 545 4288 Chrysippo,
563 4217 621 4264 tam
642 4203 765 4278 salsum,
785 4227 870 4286 quarn
886 4205 981 4268 Solem
1004 4206 1080 4268 hunc
1104 4211 1217 4292 nigrtun
1235 4229 1305 4268 esse.
1323 4203 1372 4266 Sed
