2950 4934
300 466 344 536 92
596 441 637 508 s.
665 439 845 512 auum
869 441 1087 514 saraca

301 594 511 665 supervacua
528 585 596 657 est,
613 593 692 641 nam
705 570 781 640 baec
796 596 934 665 quoque
952 597 994 642 ex
1007 589 1156 667 utroque
1174 589 1246 664 est3
1265 593 1301 645 et
1315 575 1379 646 nd·

299 686 469 772 hortatio,
493 701 528 755 et
552 687 682 775 suasio,
702 688 830 783 etipse
846 691 1120 784 argumentatio,
1142 713 1221 760 nam
1245 707 1281 760 et
1301 693 1379 762 baec

300 803 347 873 ab
363 804 483 874 babitu
504 805 610 874 animi
636 805 813 899 compositi
839 805 1012 898 validique
1037 808 1279 901 proficiscitur.
1306 807 1378 878 Sed

299 923 454 1014 quemvis
471 921 536 990 ista
562 945 604 990 ex
620 922 749 1016 optimo
768 921 888 992 babitu
912 922 1019 992 animi
1043 925 1206 1014 veniant,
1227 925 1377 1018 optimus

299 1037 404 1124 animi
424 1035 561 1106 babitus
579 1037 710 1106 etfacit
728 1035 807 1121 ilia,
828 1053 864 1105 et
885 1061 928 1106 ex
951 1038 1022 1108 illis
1043 1041 1118 1134 ipse
1142 1040 1216 1110 iit-¹.
1239 1041 1376 1112 Deinde

301 1150 410 1236 istud,
428 1153 522 1246 quod
535 1148 640 1239 dicis,
652 1153 723 1247 jam
738 1153 881 1248 perfecti
894 1156 960 1226 riri
973 1171 1046 1240 est,
1062 1181 1103 1227 ao
1115 1180 1279 1228 summam
1293 1182 1377 1227 oon·

300 1269 409 1340 seouti
439 1267 608 1337 felicitatis
635 1267 805 1338 humanae.
830 1267 886 1338 dd
908 1270 983 1341 baeo
999 1288 1113 1342 autem
1138 1269 1235 1343 tarde
1252 1297 1377 1368 perve-

299 1387 416 1473 nitur3
443 1388 580 1456 interim
607 1385 709 1456 etiam
737 1386 959 1479 imperfecto,
988 1389 1048 1458 sed
1073 1390 1288 1484 proficienti,
1312 1389 1377 1461 de·

180 1521 182 1530 '
246 1521 277 1576 50
301 1503 522 1576 monstranda
534 1518 585 1572 est
597 1503 634 1570 in
648 1501 751 1572 rebus
763 1501 908 1597 agendis
919 1507 988 1574 ria.
1005 1509 1102 1576 Hanc
1116 1507 1257 1577 forsitan
1270 1509 1377 1578 etiam

233 1653 238 1667 =
301 1622 375 1690 sine
393 1619 623 1690 admonitione
642 1614 737 1688 dabit
754 1619 821 1689 sibi
839 1621 912 1714 ipsa
929 1619 1122 1716 Sapientia3
1147 1647 1224 1717 quae
1240 1624 1315 1718 jam
1332 1647 1376 1692 eo

301 1736 460 1832 perduxit
477 1727 648 1820 animum,
670 1751 708 1804 ut
726 1737 862 1807 moreri-
880 1755 1046 1832 nequeat,
1071 1741 1140 1808 nisi
1157 1742 1195 1810 in
1213 1756 1346 1810 rectum
1365 1768 1374 1809 z

301 1853 583 1952 imbecillioribus
600 1851 739 1947 quidem
752 1855 902 1948 ingeniis
914 1857 1144 1927 necessarium
1158 1873 1211 1927 est
1225 1856 1377 1950 aliquem

300 1969 437 2064 praeire,
458 1971 559 2039 «Hoc
573 1967 710 2052 vitabis,
726 1968 944 2040 hortantes.»
959 1972 1142 2054 Praeterea,
1161 1973 1190 2038 si
1203 1987 1378 2066 exspectat

299 2101 451 2179 tempus,
472 2108 541 2178 quo
563 2110 627 2180 per
649 2109 685 2156 se
711 2087 813 2169 sciat,
834 2084 921 2179 qnid
937 2087 1103 2180 optimum
1126 2086 1218 2156 factu
1236 2088 1301 2174 sit,
1320 2089 1377 2156 in-

299 2203 400 2272 terim
414 2202 560 2285 emabit,
576 2217 611 2272 et
624 2201 772 2272 errando
784 2200 1003 2296 impedietur,
1020 2227 1090 2296 quo
1102 2201 1274 2276 minusad
1288 2201 1378 2272 iliud

300 2319 478 2412 perveniat
486 2367 498 2404 ,
509 2303 583 2410 'quo
597 2318 703 2412 possit
716 2341 753 2386 se
766 2331 1034 2387 essecontentus
1048 2344 1056 2384 ε
1071 2318 1147 2410 regi
1160 2340 1243 2411 ergo
1257 2316 1375 2404 debet,

246 2443 275 2498 51
301 2431 381 2503 dum
392 2432 617 2527 incipitposse
627 2455 663 2502 se
672 2455 805 2526 regere.
813 2429 1213 2527 Pueriadpraescriptum
1222 2428 1374 2522 discunt,

301 2549 401 2644 digiti
416 2549 552 2617 illorum
565 2561 739 2635 tenentur,
753 2564 789 2618 et
803 2547 916 2616 aliena
929 2571 1032 2616 manu
1044 2571 1109 2641 per
1123 2547 1316 2617 litterarum
1328 2549 1379 2617 si·

301 2665 453 2735 mulacra
465 2663 657 2752 ducuntur,
674 2661 802 2734 deinde
814 2665 941 2733 imitari
951 2663 1120 2757 jubentur
1130 2665 1322 2758 proposita,
1340 2679 1378 2734 et

300 2778 346 2848 sd
358 2779 417 2847 illa
431 2778 615 2848 reformare
628 2777 896 2874 chirographum
912 2804 920 2846 :
936 2780 987 2850 sic
997 2780 1131 2850 suimus
1144 2793 1274 2863 noster,
1292 2776 1376 2848 dnm

302 2894 459 2964 eruditur
475 2895 519 2964 ad
536 2895 961 2990 praescriptum,ljuvatur.

351 3016 432 3084 Haec
440 3030 518 3083 sunt
526 3036 590 3108 per
599 3037 675 3106 quae
688 3013 866 3110 probatur,-
887 3012 978 3081 bano
996 3012 1227 3108 Philosopbiae
1243 3026 1377 3106 partem

246 3153 277 3204 52
302 3151 545 3222 supervacuam
560 3151 631 3198 non
649 3150 734 3196 esse.
755 3127 932 3220 Quaeritur
946 3125 1073 3208 deinde
1083 3131 1112 3211 ²,
1131 3149 1176 3194 an
1188 3124 1235 3194 ed
1251 3124 1379 3195 facien·

302 3243 384 3316 dnm
402 3245 594 3339 Sapientem
611 3242 682 3312 sola
695 3242 854 3312 sufficiat.
870 3241 960 3311 Huic
977 3243 1156 3334 quaestioni
1169 3265 1269 3318 suum
1282 3238 1381 3312 diem

302 3355 476 3430 dabimus³
501 3386 509 3428 ε
530 3361 668 3430 interim
678 3409 690 3450 ,
706 3360 838 3433 omissis
851 3359 1086 3452 argumentis,
1104 3381 1220 3427 nonne
1231 3374 1379 3452 apparet

301 3593 396 3651 addere
409 3595 484 3650 vultis
497 3608 521 3650 et
532 3613 589 3667 qnae
603 3596 732 3670 preceptis
748 3613 813 3648 eon·
855 3663 860 3672 Ι
896 3612 919 3645 a.
937 3593 1076 3665 Quaeritur
1088 3595 1229 3647 ᾰαῖιᾰιη..
1240 3594 1377 3648 dodim.

303 3687 385 3731 staret.
861 3671 1379 3746 HoeprnstititNoeterinEp.oxv.Tren·

338 3776 359 3808 1·
377 3754 434 3808 Sed
451 3758 572 3824 queamois
590 3758 644 3808 ista
659 3773 698 3808 ex
715 3756 813 3822 optimo
862 3749 937 3804 cited
948 3771 994 3817 oe,
1005 3766 1062 3821 que
1072 3750 1124 3823 jem
1135 3752 1240 3824 sepius,
1249 3751 1376 3826 inpr.Ep.

302 3835 389 3887 animi
397 3833 489 3886 babitu
500 3835 619 3897 metane-
630 3835 745 3903 optimus
752 3834 812 3883 ani·
863 3843 961 3883 mxu
970 3848 1023 3899 ‚sq·
1033 3841 1195 3896 occureret,
1204 3827 1377 3896 inculcanda,

303 3914 343 3963 mi
353 3911 457 3964 babitus
470 3909 569 3981 etfacit
582 3911 646 3974 tua,
664 3919 688 3962 et
705 3928 743 3962 ex
758 3909 812 3961 ttlts
863 3920 907 3975 nt,
924 3906 1049 3961 subtiliori
1071 3907 1240 3980 disputatione
1261 3905 1377 3973 om'use,

304 3990 405 4059 (profit.
417 3987 460 4041 Sic
468 3984 646 4062 percommode
656 4005 702 4038 mr.
713 4005 741 4036 a.
750 3984 814 4038 8.·-
862 3997 994 4050 monstret,
1002 3985 1185 4039 monitionibus
1192 3997 1278 4038 contra
1287 3986 1383 4060 populi

305 4066 390 4138 Vulgo
402 4068 470 4120 abest
486 4069 582 4134 optimo
593 4077 652 4119 ante
664 4064 775 4125 babitu,
789 4077 815 4116 et
863 4078 1002 4139 precepta,
1024 4065 1042 4118 i.
1064 4085 1085 4117 e.
1106 4065 1258 4141 prejudicia-
1270 4078 1296 4119 et
1311 4065 1378 4120 vitis

305 4164 350 4216 pro
362 4147 462 4220 etfacit
474 4147 535 4210 itta,
550 4153 574 4197 et
587 4161 623 4196 en·
633 4144 687 4195 iliis
698 4142 811 4212 ipsefih
863 4164 926 4219 opus
940 4163 1000 4198 esse.
1011 4143 1103 4196 Ruit.

305 4219 397 4294 legitur
409 4233 481 4276 etex
494 4222 534 4274 iris
548 4231 603 4289 est,
615 4231 640 4276 et
651 4221 758 4280 exiliis.
897 4221 921 4277 3.
931 4221 1016 4278 Suum
1028 4223 1097 4276 diem
1108 4222 1242 4278 dabimus.
1258 4221 1290 4273 ln
1304 4220 1379 4292 epis-
