2950 4934
298 502 342 568 82
595 495 639 568 L.
663 493 842 566 ANNAEI
866 495 1080 568 SENECAE

240 656 269 690 ,ι
297 625 417 722 adjicit
438 622 600 696 remediis
618 623 789 697 medicina
808 627 963 698 consilia.
979 667 1018 682 -
1036 657 1053 696 o
1070 632 1189 714 Error,
1219 634 1377 727 'inquit,

299 761 352 816 est
365 767 466 815 causa
478 742 663 838 peccandi,
678 743 774 814 hunc
789 745 890 815 nobis
902 763 1074 842 praecepta
1086 772 1156 817 non
1169 746 1377 838 detrahunt,

296 886 363 932 nec
380 875 579 957 expugnant
590 861 770 954 opiniones
784 859 828 930 de
841 861 941 932 bonis
953 887 995 958 ac
1008 863 1106 933 malis
1119 863 1260 935 falsas.»
1279 868 1381 936 Con-

297 973 403 1063 cedo,
423 1001 488 1072 per
505 1001 542 1046 so
560 975 713 1046 efficacia
728 994 899 1072 praecepta
915 1002 986 1049 non
1000 1001 1074 1050 esse
1093 979 1141 1050 ad
1158 984 1379 1055 evertendam

296 1119 436 1192 pravam
453 1093 559 1164 animi
572 1094 847 1188 persuasionem,
863 1091 925 1164 sed
941 1119 1012 1166 non
1028 1096 1128 1182 ideo,
1148 1123 1194 1168 ne
1205 1099 1283 1170 aliis
1295 1104 1379 1194 qui-

297 1211 376 1283 dem
395 1209 547 1306 adjecta,
564 1210 776 1304 proficiunt?
792 1213 946 1282 Primum
967 1215 1164 1284 memoriam
1183 1235 1376 1304 renovant,

297 1329 446 1422 deinde,
467 1351 544 1422 qnae
560 1329 598 1395 in
610 1328 772 1396 universo
788 1327 961 1397 confusius
973 1327 1191 1414 videbantur,
1207 1333 1246 1400 in
1260 1348 1380 1426 partes

240 1476 272 1510 ιι
297 1443 903 1540 divisadiligentiusconsiderantur.
920 1446 989 1515 Aut
1003 1451 1062 1515 tu²
1079 1448 1144 1516 isto
1169 1447 1270 1518 modo
1294 1449 1379 1520 licet

297 1580 332 1652 et
346 1562 592 1634 consolationes
609 1559 704 1630 dicas
722 1585 966 1656 supervacuas,
984 1580 1020 1633 et
1035 1565 1283 1638 exhortationes
1300 1595 1309 1636 :
1324 1587 1378 1640 at-

297 1675 357 1774 qui
374 1702 444 1749 non
461 1693 542 1748 sunt
557 1701 798 1774 supervacuae,
815 1702 897 1774 ergo
915 1703 961 1750 ne
977 1682 1181 1753 monitiones
1193 1675 1206 1720 ³
1217 1684 1376 1778 quidem.

295 1795 534 1866 -sStultum
558 1810 628 1878 est,
650 1796 783 1888 inquit,
806 1797 996 1890 praecipere
1019 1821 1131 1894 aegro,
1157 1800 1243 1892 quid
1263 1799 1380 1870 facer'e

296 1931 456 2009 tanquam
483 1935 586 1982 sanus
615 1910 761 1998 debeas,
784 1937 891 2006 quum
915 1915 1127 1985 restituenda
1160 1919 1286 1988 sanitas
1308 1921 1376 2006 sit,

296 2030 370 2100 sine
385 2053 453 2122 qua
466 2029 565 2097 irritn
584 2043 664 2098 sunt
676 2046 888 2123 praecepta.»
909 2030 1026 2124 Quid,
1043 2032 1137 2125 quod
1150 2028 1280 2103 habent
1290 2037 1378 2129 aegri

297 2143 453 2240 quaedam
471 2145 615 2238 sanique
630 2146 844 2228 eommunia,
862 2143 906 2213 de
920 2146 1046 2239 quibus
1058 2146 1264 2219 admonendi
1277 2151 1380 2219 sunt?

295 2279 476 2356 tanquam,
498 2283 543 2329 ne
558 2257 661 2328 asida
680 2259 775 2330 cibos
791 2277 977 2356 appetant,
1003 2279 1042 2332 ot
1067 2255 1301 2336 lassitudinem
1323 2268 1379 2337 vi-

297 2393 384 2448 tent.
401 2375 538 2447 Habent
551 2373 706 2469 quaedam
727 2393 900 2472 precepta
919 2381 1112 2449 eommunia
1123 2405 1256 2476 pauper
1269 2399 1305 2450 ct
1319 2381 1378 2451 di·

238 2513 272 2568 23
296 2519 370 2566 ves.
382 2535 432 2552 -
446 2523 462 2562 o
474 2496 581 2578 Sana,
602 2495 733 2589 inquit,
753 2496 951 2579 avaritiam,
974 2512 1009 2565 et
1021 2497 1109 2566 nihil
1124 2498 1267 2568 habebis
1280 2499 1381 2593 quod

296 2611 479 2682 admoneas
491 2628 550 2681 aut
566 2632 766 2705 pauperem,
780 2627 840 2678 aut
851 2607 1014 2698 divitem,
1030 2613 1238 2709 sicupiditas
1250 2616 1381 2686 utrius-

296 2755 366 2824 que
382 2722 573 2801 considet⁴.
584 2753 610 2792 u
621 2726 719 2820 Quid
737 2727 830 2820 quod
847 2728 943 2798 aliud
960 2747 1028 2815 est,
1048 2756 1119 2801 non
1132 2733 1381 2828 concupiscere

297 2951 433 3006 eonsilium
446 2947 604 3002 libriomnes
617 2963 625 3002 ι
639 2945 810 3017 qnodvocsb.
859 2945 960 3000 nullum
984 2965 1086 3002 sensnm
1111 2945 1195 3004 elicies
1222 2948 1282 3004 atis
1309 2949 1379 3004 ido-

297 3045 398 3104 prorsns
413 3024 585 3099 abjiciendam
604 3023 702 3076 censuit
717 3022 810 3087 idem,
859 3028 959 3092 neum.)
971 3026 1063 3079 Ruit.

297 3126 374 3179 quem
384 3105 464 3158 modo
476 3101 606 3166 dicebam,
619 3101 659 3154 rir
673 3101 771 3155 doctus.
780 3098 811 3152 Si
893 3123 915 3154 a.
922 3105 1022 3157 Auttu.
1032 3103 1078 3160 Sic
1085 3105 1145 3158 libri
1160 3115 1221 3160 vetl-
1227 3109 1268 3160 At
1276 3114 1306 3162 lta
1314 3108 1379 3162 edd.

296 3197 383 3238 teneas
394 3181 533 3234 consilium
543 3218 550 3246 ,
559 3177 743 3252 distinguenda
753 3179 812 3230 ine-
859 3198 873 3231 s
886 3179 1002 3234 Gronov.
1014 3180 1097 3236 Sclrsr.

297 3261 331 3316 rit
343 3260 482 3322 oratio,ut
494 3257 522 3310 in
533 3256 705 3332 superioribus
717 3254 811 3310 editio-
891 3255 916 3314 3.
935 3257 1010 3330 Ergo
1028 3279 1060 3314 oe
1079 3264 1232 3316 muttum
1256 3263 1379 3332 quidem

297 3339 373 3392 nibus
386 3355 394 3390 ·.
405 3338 433 3389 in
443 3354 472 3389 os
487 3337 638 3389 occurrentis
649 3336 717 3388 coito
732 3335 811 3388 tolia
858 3335 937 3389 Recte
957 3335 1008 3392 hoe
1025 3353 1115 3394 monet
1137 3339 1235 3394 Seneca
1253 3358 1261 3394 t
1278 3360 1379 3414 magns

265 3435 266 3440 ¹
296 3413 608 3485 ejusmodi-‚proficiunt
627 3413 728 3480 Adjicit
746 3429 810 3463 rem.
859 3413 923 3466 adeo
931 3411 1090 3470 educationis
1099 3437 1155 3491 pers
1165 3431 1191 3472 et
1199 3418 1381 3493 leguminu-

297 3494 366 3545 med-
376 3489 522 3544 marterum.
533 3492 568 3542 Al
578 3488 614 3542 tic
627 3487 708 3541 oliote
719 3485 810 3557 repeli-
859 3512 922 3546 narn
934 3494 1023 3551 abibit.
1035 3496 1175 3552 Enimvero
1189 3519 1244 3557 non
1252 3513 1321 3554 reete
1330 3499 1379 3556 hie

297 3581 352 3622 tnm
364 3567 440 3622 fuerit
449 3565 478 3620 id
495 3566 565 3638 qnod
577 3565 653 3640 paulo
668 3578 727 3618 ante
740 3565 810 3617 dire·
859 3569 1240 3630 omisisscvidssunmensiam
1247 3577 1380 3632 Aristoni,

296 3662 352 3715 ¹²¹2
361 3650 478 3702 m‘df‘ffl‘
489 3665 541 3700 ΜΒ
551 3656 654 3700 ”flium
665 3653 753 3708 mlo
761 3642 811 3697 “d
858 3651 975 3719 quamde
982 3651 1083 3718 virtute,
1089 3675 1167 3726 quam
1173 3653 1261 3708 insola
1267 3655 1379 3711 seientia

296 3729 377 3782 etiam
388 3733 482 3779 monet.
495 3723 576 3778 Sele.
858 3725 922 3779 boni
927 3727 1054 3801 malique,
1063 3743 1139 3804 etque
1144 3734 1173 3786 in
1181 3733 1268 3787 lrsltitn
1275 3735 1376 3801 enimi,

334 3825 355 3858 ι.
372 3803 472 3870 Error,
492 3807 629 3874 inquit...
645 3800 811 3874 proficiunt?
859 3822 917 3875 qne
933 3805 1039 3875 didicit,
1051 3810 1123 3864 tactis
1138 3811 1191 3864 anis
1207 3811 1379 3885 expromendi

298 3881 525 3953 Aris1055.«ttihil
533 3883 600 3935 enim
606 3877 741 3957 proficient
750 3898 811 3954 pre·
861 3884 872 3950 (
878 3885 987 3954 ppdssieu
998 3904 1018 3938 a.
1026 3889 1144 3959 lneedpp
1153 3893 1174 3956 ),
1183 3901 1237 3943 tum
1249 3890 1281 3942 de
1291 3891 1378 3958 vitio,

298 3974 369 4037 cepta
382 3999 389 4026 ,
402 3961 526 4033 quamdin
537 3961 617 4014 menti
633 3979 702 4013 error
714 3961 811 4012 ottusm
860 3963 928 4032 quod
939 3961 968 4014 in
976 3965 1168 4019 nneinseientis
1177 3967 1296 4040 ponebat.
1304 3966 1382 4022 Con·

298 4051 342 4094 est.
351 4061 365 4088 a
381 4038 432 4093 Sed
443 4059 477 4092 an
488 4039 546 4094 ideo
561 4039 660 4092 nullam
676 4037 811 4090 utilitatem
860 4051 898 4091 trs
915 4036 983 4094 liene
995 4041 1147 4099 divisionem
1158 4057 1184 4098 et
1195 4041 1381 4102 definitionem

297 4119 406 4188 hebent,
427 4137 474 4173 nee
485 4119 507 4172 si
524 4119 580 4173 eliis
599 4137 621 4172 e.
639 4137 662 4172 c.
680 4118 813 4172 memorio
861 4113 1022 4193 Chrysippus
1035 4120 1210 4198 disputaverat.
1230 4123 1271 4178 Cf·
1283 4125 1383 4198 philo-

298 4197 396 4270 muse
412 4195 528 4254 rustino
542 4194 621 4266 <uto
643 4175 817 4270 aarum?
859 4194 911 4268 103.
925 4195 994 4253 atsi.
1005 4197 1023 4251 ι.
1035 4199 1053 4253 1.
1065 4200 1157 4255 mu.

295 4277 434 4348 preficiunt
449 4275 553 4350 signum
572 4273 695 4348 interrog.
711 4292 810 4349 pones,
893 4277 917 4344 4.
932 4277 1052 4334 Cooddet
1071 4291 1160 4336 tenent
1175 4303 1203 4336 a.
1218 4301 1240 4336 e.
1257 4284 1295 4336 A.
1317 4303 1382 4339 enm
