2950 4934
319 469 358 552 14
598 475 637 537 ι.
665 469 845 538 attunt
870 467 1088 539 sennen

315 711 1403 746 mm

623 923 955 1009 EPISTOLA
984 925 1078 1011 XC.

787 1195 921 1214 *-

364 1491 430 1528 taus
448 1489 641 1528 Pttttosortttffi
654 1494 660 1526 :
673 1490 709 1527 An
729 1491 814 1528 ΙΗΜΙ
833 1492 928 1528 sottus
947 1492 1032 1530 ttttut
1052 1493 1151 1531 CURAM
1169 1493 1341 1533 PRRTHOERE.

347 1612 444 1666 Laudes
457 1613 571 1665 continet
583 1609 771 1684 Philosophia,
787 1629 844 1681 qut
856 1611 905 1664 hoc
917 1609 1014 1676 eflicit,
1030 1629 1060 1665 ut
1071 1599 1136 1666 bene
1155 1614 1278 1667 vivamus.
1292 1617 1314 1666 A
1332 1613 1402 1668 Diis

313 1696 419 1767 quidem
432 1715 483 1748 non
498 1697 553 1747 data
568 1707 615 1759 est,
629 1695 674 1748 sed
687 1695 792 1747 facultas
804 1694 1003 1767 philosophandi
1015 1697 1136 1749 omnibus
1147 1698 1240 1750 tributa
1252 1712 1295 1752 est.
1308 1699 1346 1750 Ea
1360 1701 1399 1752 de

313 1783 483 1854 gravissimis,
498 1781 514 1834 i.
526 1803 547 1832 e.
559 1780 590 1833 de
602 1780 697 1832 divinis
707 1780 877 1849 humanisque
886 1779 960 1833 rebus
972 1800 1060 1832 rerum
1070 1781 1186 1834 invenire
1195 1783 1297 1849 docuit,
1311 1785 1400 1837 vitam

312 1867 449 1930 formavit,
464 1866 589 1919 consortia
602 1881 626 1924 et
642 1866 749 1938 imperia
759 1864 884 1928 instituit,
902 1878 991 1918 natura
1005 1865 1077 1920 duce.
1094 1867 1182 1921 Primo
1197 1870 1267 1922 enim
1278 1871 1376 1924 seculo
1387 1913 1397 1933 ,

239 1942 241 1953 ¹
312 1953 380 2024 quod
394 1971 498 2004 aureum
517 1965 624 2017 vocant,
640 1950 766 2022 sapientes
782 1950 942 2022 regnabant,
958 1950 1050 2021 quibus
1068 1951 1157 2024 prima
1176 1951 1245 2028 leges
1258 1955 1399 2010 debentur.

315 2041 386 2088 Artes
398 2056 499 2105 quoque
511 2035 608 2088 invenit
620 2031 789 2106 philosophia.
800 2033 929 2086 Hactenus
942 2033 1083 2087 Posidonio
1092 2038 1281 2089 assentiendum
1289 2050 1340 2091 est:
1347 2039 1399 2091 secl

312 2119 421 2190 reliquas
432 2133 512 2186 artes,
526 2117 617 2190 quibus
629 2120 679 2171 vita
698 2118 840 2171 eommunis
854 2119 968 2189 quotidie
982 2118 1074 2188 utitur,
1086 2119 1261 2194 Philosophia
1277 2142 1331 2175 non
1344 2123 1400 2196 tri-

312 2203 425 2258 buendas
438 2223 490 2256 esse
501 2243 508 2269 ‚
520 2203 613 2276 quippe
623 2221 680 2272 qua
694 2223 778 2274 neque
793 2203 906 2256 avaritia
920 2225 1003 2274 neque
1022 2205 1128 2258 luxuria
1139 2205 1245 2275 aliisque
1263 2206 1331 2259 vitiis
1344 2207 1399 2259 in-

312 2289 426 2340 serviisse
438 2308 490 2339 non
504 2288 611 2340 dicenda
623 2301 667 2340 est.
679 2289 769 2357 Neque
786 2289 937 2340 ferramenta
949 2288 1064 2353 fabrilia,
1079 2308 1161 2360 neque
1174 2290 1235 2342 ferri
1249 2289 1351 2342 metelle
1368 2305 1398 2342 et

313 2373 385 2438 aeris,
399 2393 480 2442 neque
494 2372 599 2424 malleus
611 2372 768 2445 forcipem,
783 2386 841 2438 eto,
854 2373 1008 2445 sapientibus
1019 2371 1084 2424 viris
1095 2385 1179 2424 ortum
1192 2393 1264 2425 suurn
1277 2373 1373 2426 debent
1386 2415 1396 2440 ‚

311 2473 390 2526 quum
401 2455 529 2526 sapientia
540 2455 572 2507 sit
583 2497 590 2523 ,
604 2456 745 2507 necessaria
763 2452 918 2520 emendare,
933 2458 1036 2510 delicias
1049 2459 1193 2532 despicere,
1205 2457 1301 2520 verbo,
1312 2471 1398 2510 natu-

311 2562 364 2594 ram
376 2541 448 2612 sequl
459 2541 568 2614 ;quippe
580 2560 637 2612 qnte
652 2561 705 2594 non
715 2542 801 2594 omisit
812 2544 905 2594 offerre
916 2543 1021 2605 omnia,
1033 2562 1089 2613 quoe
1100 2543 1131 2595 ad
1146 2544 1279 2607 vestitum,
1291 2543 1324 2596 ad
1342 2547 1399 2597 tri-

312 2625 380 2698 goris
399 2625 519 2678 calorisvc
539 2627 591 2677 vim
610 2626 745 2678 arcendam
765 2626 877 2691 idonea,
899 2638 923 2676 ct
933 2623 1028 2696 ubique
1043 2625 1127 2678 facilia
1144 2627 1265 2689 inventu,
1284 2629 1340 2680 sine
1353 2641 1398 2680 tot

311 2707 420 2773 artibus,
433 2720 522 2780 praesto
531 2719 619 2759 essent.
629 2707 767 2758 Enimvero
779 2727 793 2758 a
804 2719 893 2759 natura
904 2705 1056 2760 descivimus
1067 2748 1075 2774 ‚
1088 2727 1136 2760 nec
1147 2709 1261 2761 contenti
1273 2707 1316 2773 iia,
1332 2728 1397 2779 quae

310 2805 374 2843 terra
387 2792 412 2841 in
426 2811 526 2843 summo
540 2794 636 2856 terret,
651 2812 758 2866 magnas
770 2792 912 2863 multasque
928 2805 992 2844 artes
1005 2792 1146 2846 commenti
1157 2812 1260 2856 sumus,
1271 2811 1330 2864 qua
1349 2812 1397 2846 ou·

311 2895 451 2947 pervacua,
462 2875 587 2927 contraria
599 2889 716 2946 querunt
730 2888 755 2927 et
767 2875 869 2947 corpori
881 2889 955 2947 atque
968 2875 1120 2929 libidinibus
1131 2877 1280 2929 inserviunt.
1293 2877 1397 2928 Parum

310 2959 394 3034 itaque
411 2959 550 3014 Posidonio
570 2959 726 3024 assentiaris,
747 2960 791 3032 qui
808 2960 940 3014 textricum
956 2961 1021 3014 adeo
1038 2974 1117 3014 artem
1129 2981 1144 3014 a
1154 2960 1309 3035 sapientibus
1328 2959 1400 3012 dixit

308 3043 439 3094 inventam
451 3056 477 3094 et
486 3043 667 3114 agriculturam
679 3084 686 3110 ,
700 3043 835 3116 pistrinum
847 3043 1053 3117 panificiumque.
1064 3045 1116 3098 sed
1127 3045 1197 3098 enim
1210 3045 1272 3098 ratio
1285 3043 1396 3115 quidem

311 3125 420 3178 humana
436 3127 488 3180 haec
500 3127 619 3192 invenit,
635 3127 680 3180 scd
696 3148 749 3179 non
763 3141 830 3180 rocta
849 3128 922 3180 ratio.
933 3129 986 3182 Nec
997 3151 1012 3182 a
1024 3129 1138 3202 sapiente
1154 3130 1260 3182 inventa
1275 3139 1334 3181 sunt
1345 3127 1396 3182 illa

311 3211 421 3276 minora,
430 3231 487 3282 quae
495 3224 522 3264 ut
532 3233 558 3264 se
571 3211 655 3263 minus
667 3211 758 3282 digna,
769 3211 956 3266 sordidioribus
963 3213 1091 3267 commisit
1096 3213 1219 3266 ministris
1227 3211 1378 3287 reperienda
1387 3226 1397 3260 ε

311 3294 356 3364 qui
366 3294 460 3347 idcireo
471 3294 617 3346 etiamnunc
631 3315 659 3346 ca
674 3307 795 3359 tractant,
807 3305 836 3348 ut
848 3297 929 3348 multa
944 3297 1058 3369 exempla
1077 3315 1165 3350 carum
1177 3294 1270 3348 artium
1286 3295 1396 3350 seneen

311 3393 423 3452 tempore
437 3381 598 3432 inventarum
608 3380 703 3433 docent
712 3418 719 3444 ‚
736 3399 751 3432 a
761 3381 890 3434 vilissimis
902 3382 981 3434 servis
992 3384 1169 3454 prosectarum.
1181 3382 1319 3434 Enimvero
1327 3381 1398 3434 Phi-

311 3464 427 3538 losopbia
444 3465 493 3516 alia
508 3464 646 3536 eademque
665 3468 837 3536 praestantiora
851 3466 949 3518 invenit
962 3478 986 3518 et
997 3479 1088 3520 curat:
1104 3467 1175 3520 utilia
1189 3465 1311 3529 molitur,
1332 3467 1395 3537 paci

310 3548 394 3614 lavet,
413 3566 493 3620 genus
510 3546 654 3599 humanum
670 3549 703 3600 ud
722 3549 887 3601 concordiam
906 3562 998 3617 vocat,
1013 3551 1091 3602 vitam
1108 3551 1200 3603 format
1218 3549 1395 3620 instruitque,

228 3677 231 3684 ,
311 3632 377 3702 regit
396 3631 475 3682 vitam
492 3629 601 3702 ideoque
619 3644 690 3683 artes.
704 3632 774 3683 lllala
792 3632 878 3685 adhaec
891 3645 1031 3699 monstrat,
1051 3632 1082 3686 iis
1098 3633 1215 3685 homines
1226 3633 1331 3700 liberat,
1344 3645 1396 3685 etc.

311 3715 423 3769 Proinde
434 3717 466 3768 ad
477 3715 533 3768 illas
545 3729 609 3768 artes
620 3716 713 3789 quippe
726 3736 779 3768 non
797 3715 888 3789 dignas
900 3729 1020 3790 perpetuo
1031 3735 1079 3768 usu
1096 3737 1150 3769 non
1160 3716 1244 3779 venit,
1255 3737 1302 3769 nec
1314 3719 1397 3769 Ana—

311 3803 406 3856 charsis
417 3812 500 3854 rotam
518 3799 592 3875 figuli
608 3815 729 3873 tanquam
742 3802 841 3874 capiens
853 3802 971 3865 invenit,
983 3803 1027 3855 sed
1040 3822 1090 3873 qua
1101 3801 1187 3856 bomo.
1200 3802 1279 3871 Quod
1290 3800 1322 3853 de
1333 3803 1396 3856 aliis

312 3886 423 3938 inventis
437 3885 496 3938 item
508 3884 582 3936 valet.

344 3969 521 4023 Praestautiora
532 3983 592 4022 sunt
603 4006 611 4032 ,
622 3988 677 4042 quae
689 3971 787 4042 sapiens
799 3971 892 4023 stoicus
902 3971 1018 4034 invenit,
1032 3969 1047 4040 ς
1058 3969 1091 4038 34
1103 3989 1140 4041 sq.
1151 3973 1270 4024 Attamen
1282 3971 1394 4044 sapien-

311 4068 347 4105 tes
365 4054 411 4106 illo
431 4052 488 4105 rudi
502 4053 612 4119 saecuto,
630 4053 698 4124 quod
716 4074 822 4107 aureum
835 4067 948 4120 vocant,
964 4053 1080 4108 nondum
1097 4055 1173 4107 fuisse
1189 4055 1326 4108 verisimile
1346 4070 1396 4110 est,

313 4139 393 4190 Omni
407 4137 510 4208 quidem
526 4139 633 4192 lortuute
646 4157 737 4208 genere
751 4139 900 4190 fruebantur
918 4137 957 4190 illi
968 4137 1086 4191 homines
1100 4139 1175 4210 primi
1185 4180 1192 4204 ‚
1202 4139 1247 4192 sed
1260 4159 1339 4210 quum
1351 4160 1395 4192 ars

313 4224 359 4290 sit,
369 4223 467 4276 bonum
477 4239 501 4276 et
511 4223 651 4294 sapientem
665 4221 720 4275 lieri
733 4262 739 4286 ‚
752 4222 796 4274 illa
805 4235 889 4274 autem
900 4219 1015 4274 nondum
1028 4222 1059 4275 iia
1069 4236 1147 4288 esset,
1160 4224 1272 4295 sequitur
1283 4224 1395 4296 sapien-
