2950 4934
314 386 379 477 ³98
678 380 1022 453 FRAGMENTA

232 538 281 561 ν·
312 526 456 601 centur,
488 510 775 605 quemadmodum
802 535 847 581 ne
876 510 1033 581 homines
1061 510 1201 604 quidem
1230 516 1375 585 saeviunt.

312 628 498 730 Teterrimi
510 678 522 715 ,
551 646 586 698 et
603 630 640 698 in
670 628 801 699 labulas
829 627 962 697 traditae
988 627 1201 697 crudelitatis
1227 633 1376 724 tymnoi,

311 746 548 815 laceraverunt
560 746 754 839 aliquorum
774 744 952 831 membra,
968 746 1140 815 neminem
1160 770 1221 815 sua
1237 746 1379 816 lacerare

311 978 389 1049 dam
402 1030 411 1064 ,
427 980 487 1050 sed
500 1004 599 1050 nemo
612 981 678 1050 sibi
691 1004 735 1049 ne
749 980 806 1048 vir
819 994 909 1047 essct
920 1029 930 1063 ,
938 978 1085 1071 jubente
1097 979 1256 1063 domino,
1270 1004 1381 1049 manus

312 1096 464 1165 intulit'.
481 1098 524 1166 Se
538 1099 604 1193 ipsi
617 1097 655 1165 in
671 1094 807 1190 templis
823 1094 1062 1165 contrucidant
1075 1123 1088 1185 3,
1106 1096 1309 1165 vulneribus
1320 1100 1382 1165 suis
1463 1111 1464 1188 ζ

311 1239 352 1285 ae
366 1215 532 1309 sanguine
549 1214 757 1308 supplicant.
776 1213 812 1281 Si
826 1214 883 1282 cui
897 1214 1026 1281 intueri
1039 1228 1138 1283 vacet
1150 1237 1227 1307 quae
1241 1213 1379 1297 iaciunt,
1463 1209 1464 1214 ’

312 1308 457 1425 quaeque
475 1333 653 1427 patiuntur
668 1357 678 1417 3
695 1330 850 1397 inveniet
866 1343 935 1397 tam
948 1327 1111 1397 indecora
1128 1329 1302 1412 honestis,
1321 1345 1381 1397 tam

312 1444 455 1537 indigna
472 1444 612 1528 liberis,
630 1460 698 1513 tam
714 1442 893 1511 dissimilia
906 1444 1018 1525 sanis,
1032 1458 1072 1510 ut
1088 1466 1187 1512 nemo
1204 1442 1312 1511 fucrit
1324 1443 1384 1511 du-

312 1560 482 1630 bitaturus
497 1560 611 1629 furere
628 1583 707 1642 eos,
723 1559 753 1627 si
771 1582 848 1627 cum
865 1558 1086 1652 paucioribus
1100 1560 1256 1629 furerent
1274 1587 1282 1627 :
1299 1585 1385 1630 nune

312 1678 465 1745 sanitatis
482 1676 709 1771 patrocinium
726 1691 778 1742 est
788 1723 800 1760 ,
816 1675 1059 1743 insanientium
1077 1675 1189 1745 turba.
1210 1679 1319 1745 »tam
1332 1676 1386 1745 illa

313 1818 389 1888 quoe
402 1794 439 1862 in
456 1796 530 1888 ipso
548 1792 716 1887 Capitolio
732 1792 811 1859 fieri
827 1792 937 1860 solere
955 1807 1218 1878 commemorat,
1237 1807 1275 1861 et
1287 1794 1385 1861 intre

311 1910 393 2005 pide
403 1912 541 2011 omnino
552 1909 720 2003 coarguit,
733 1906 937 2002 quiscredat
947 1908 1013 1975 nisi
1024 1906 1068 1976 ab
1080 1906 1319 1992 irridentibus,
1332 1924 1387 1977 ant

313 2027 505 2097 furentibus
526 2026 604 2095 ficri
620 2026 634 2095 i
651 2027 739 2095 Nam
757 2048 864 2118 quum
887 2026 925 2092 in
943 2026 1057 2093 Sacris
1073 2026 1246 2119 AEgyptiis
1263 2026 1389 2095 Osirim
1407 2033 1414 2043 ’

262 2154 269 2165 ’
310 2140 605 2237 lugeriperditum
617 2191 626 2225 ,
640 2154 839 2209 morantem
854 2138 897 2208 de
907 2140 1044 2210 invento
1055 2165 1300 2235 magnumcssc
1314 2166 1390 2237 gau-

312 2254 405 2325 dium
419 2257 594 2325 derisisset
604 2284 614 2343 3
626 2280 730 2349 quum
743 2252 892 2349 perditio
906 2254 980 2347 ejus
995 2256 1215 2347 inventioque
1223 2255 1388 2350 fingatur,

312 2373 409 2443 dolor
422 2392 535 2443 tamen
553 2373 611 2442 ille
628 2390 731 2466 atque
750 2372 887 2455 laetitia,
908 2370 952 2439 ab
969 2372 1020 2441 eis
1037 2374 1097 2466 qui
1120 2372 1211 2443 nibil
1226 2373 1391 2467 perdide*

311 2503 410 2575 runt,
424 2486 581 2582 nihilque
594 2490 822 2568 invenerunt,
837 2486 1006 2556 veraciter
1016 2488 1251 2580 exprimatur:
1269 2516 1287 2553 e
1305 2490 1393 2557 Huic

311 2620 443 2689 maten,
460 2606 590 2697 inquit,
608 2606 716 2674 furori
730 2618 862 2672 certum
878 2618 1011 2695 tempus
1023 2618 1086 2671 est.
1105 2603 1306 2673 Tolerabile
1320 2618 1393 2683 est,
1464 2677 1465 2696 χ

313 2722 418 2791 semel
436 2722 473 2789 in
486 2745 576 2789 snno
591 2722 758 2789 insanire.
776 2722 816 2787 In
836 2718 1043 2811 Capitolium
1059 2720 1202 2813 perveni
1218 2746 1229 2785 ι
1247 2720 1397 2813 pudebit

313 2838 493 2935 publicatae
519 2837 719 2921 dementia,
740 2834 833 2928 quod
859 2833 925 2903 sibi
951 2858 1058 2903 vanus
1086 2835 1182 2905 furor
1204 2838 1394 2923 attribuit,

312 2954 431 3023 officii.
445 2952 542 3023 Alius
554 2953 695 3021 numina
709 2954 783 3019 Deo
795 2948 972 3042 subjicit²,
993 2947 1080 3017 alius
1093 2947 1196 3021 boras
1211 2954 1288 3022 Jovi
1305 2980 1401 3025 nun-
1464 2973 1465 2978 ’

311 3138 438 3207 propitios
446 3136 593 3191 merenwr?
603 3136 696 3198 Acuta
708 3152 756 3187 nee
765 3131 829 3186 alias
878 3130 1024 3185 bacuntius
1033 3131 1402 3191 libroVInllaetsntboetiss

315 3212 474 3281 Quintiliani
490 3211 564 3286 prisci
576 3212 645 3267 illius
655 3210 830 3279 etAttieifita
877 3211 954 3276 Deo,
975 3222 1098 3284 tanqum
1114 3214 1259 3279 “aneath
1279 3219 1401 3290 profan·-
1464 3279 1465 3292 χ

314 3288 450 3359 resjudico
463 3289 562 3357 audiet)
576 3288 754 3344 declamatoris
766 3309 831 3341 sen-
877 3289 1401 3361 dnntviaa,tanquamsitientiuccen-

316 3368 830 3436 sos,quanstieo:1studsiDeusoo-
878 3365 1401 3449 dnntlumias,velutintenebrissgentis
1464 3415 1465 3438 2

313 3451 372 3519 git,
385 3452 527 3500 imtusest.
878 3446 1293 3523 Atliberretnsetbonus,qoem
1307 3470 1403 3507 nsctm
1464 3483 1465 3492 κ

353 3544 373 3577 ι.
383 3524 439 3579 Sed
449 3542 524 3577 uerno
534 3524 588 3577 stet
596 3542 627 3577 ne
639 3526 683 3576 uir
691 3526 829 3593 euredu-
876 3543 933 3577 sum
949 3543 979 3577 er
990 3523 1108 3597 dissipata
1122 3526 1277 3582 bibliotheca
1298 3531 1404 3586 Batava

315 3602 828 3670 beatedoms'noffloousintulitMallern,
877 3600 1062 3674 Egmundsns,
1075 3602 1151 3657 refert
1163 3613 1281 3659 nemsba.
1291 3608 1330 3661 Et
1341 3610 1404 3662 vide

316 3686 417 3737 labente
435 3686 532 3735 animo.
554 3684 621 3735 Nam
638 3695 666 3734 ut
684 3700 698 3733 a
716 3681 828 3735 dominis
877 3702 940 3734 num
952 3682 1075 3735 occultior
1085 3682 1147 3736 ritus
1157 3683 1198 3748 sit,
1210 3698 1342 3757 tanquam
1351 3688 1403 3741 diis
1464 3697 1465 3702 ’

316 3760 421 3832 quidam
436 3761 467 3815 ad
482 3759 510 3812 id
526 3757 625 3826 adacti,
644 3778 688 3812 car
700 3777 829 3833 pernege-
878 3760 1020 3813 adstiterint
1038 3758 1078 3815 sui
1099 3762 1333 3831 nomenclatores,
1354 3766 1403 3837 qui

316 3839 395 3894 musi
878 3838 1042 3895 salutantium
1050 3840 1104 3894 sire
1113 3840 1275 3896 adorantium
1287 3846 1405 3897 nomios

350 3920 459 3971 aAttas
465 3914 643 3971 numinaDeo
653 3914 765 3984 subjicit.
775 3915 829 3967 Le-
878 3916 949 3971 velut
961 3918 1053 3973 nesciis
1069 3920 1235 3994 ingererent:
1253 3920 1403 3974 ambitione
1464 3909 1465 3974 i

317 3998 427 4071 flebam,
444 4000 555 4051 lumino.
568 3996 830 4070 Etesrpicsnsebom
878 3995 999 4050 videlicet
1014 4008 1040 4049 et
1060 3997 1112 4051 ritu
1130 3998 1176 4069 qui
1195 3998 1263 4052 inter
1279 4018 1405 4072 proceres
1464 4057 1465 4060 ,

317 4096 377 4141 eos,
392 4077 437 4148 qni
454 4095 539 4131 cereos
557 4074 719 4149 lychnosqus
736 4074 829 4148 passim
878 4074 1018 4130 Romanos.
1028 4075 1097 4129 blibi
1108 4076 1158 4130 boc
1167 4077 1280 4132 assidere
1291 4077 1405 4152 ineptiis
1464 4081 1465 4154 l

318 4156 386 4210 slsrs
408 4156 464 4210 loce
480 4153 653 4208 accendebant
673 4152 700 4206 ia
720 4150 828 4226 templis.
878 4154 909 4207 iis
921 4154 1036 4224 ridetur,
1049 4168 1266 4227 qosseqnonon.
