<?xml version="1.0" encoding="UTF-8"?>
<!DOCTYPE html PUBLIC "-//W3C//DTD XHTML 1.0 Transitional//EN"
    "http://www.w3.org/TR/xhtml1/DTD/xhtml1-transitional.dtd">
<html xmlns="http://www.w3.org/1999/xhtml" xml:lang="en" lang="en">
 <head>
  <title>
</title>
<meta http-equiv="Content-Type" content="text/html;charset=utf-8" />
  <meta name='ocr-system' content='tesseract 3.04.00' />
  <meta name='ocr-capabilities' content='ocr_page ocr_carea ocr_par ocr_line ocrx_word'/>
</head>
<body>
  <div class='ocr_page' id='page_1' title='image "./lannsenecparspr04bouigoog_0015.png"; bbox 0 0 2950 4934; ppageno 0'>
   <div class='ocr_carea' id='block_1_1' title="bbox 91 475 1167 520">
    <p class='ocr_par' dir='ltr' id='par_1_1' title="bbox 91 475 1167 520">
     <span class='ocr_line' id='line_1_1' title="bbox 91 475 1167 520; baseline 0.008 -17"><span class='ocrx_word' id='word_1_1' title='bbox 91 475 1167 520; x_wconf 50' lang='lat' dir='ltr'><em>Q</em></span> 
     </span>
    </p>
   </div>
   <div class='ocr_carea' id='block_1_2' title="bbox 273 761 1056 872">
    <p class='ocr_par' dir='ltr' id='par_1_2' title="bbox 273 761 1056 872">
     <span class='ocr_line' id='line_1_2' title="bbox 273 761 1056 872; baseline 0.01 -6"><span class='ocrx_word' id='word_1_2' title='bbox 273 763 332 867; x_wconf 93' lang='lat' dir='ltr'>L.</span> <span class='ocrx_word' id='word_1_3' title='bbox 378 761 630 870; x_wconf 82' lang='lat' dir='ltr'>ANNAEI</span> <span class='ocrx_word' id='word_1_4' title='bbox 670 765 981 872; x_wconf 86' lang='lat' dir='ltr'><strong>SENECAE</strong></span> <span class='ocrx_word' id='word_1_5' title='bbox 1053 844 1056 852; x_wconf 75' lang='lat'><em>,</em></span> 
     </span>
    </p>
   </div>
   <div class='ocr_carea' id='block_1_3' title="bbox 469 1079 789 1155">
    <p class='ocr_par' dir='ltr' id='par_1_3' title="bbox 469 1079 789 1155">
     <span class='ocr_line' id='line_1_3' title="bbox 469 1079 789 1155; baseline 0.003 -1"><span class='ocrx_word' id='word_1_6' title='bbox 469 1079 534 1154; x_wconf 77' lang='lat' dir='ltr'>tt)</span> <span class='ocrx_word' id='word_1_7' title='bbox 559 1079 789 1155; x_wconf 82' lang='lat' dir='ltr'>LUCILIUM</span> 
     </span>
    </p>
   </div>
   <div class='ocr_carea' id='block_1_4' title="bbox 92 1393 1168 1576">
    <p class='ocr_par' dir='ltr' id='par_1_4' title="bbox 92 1393 1168 1576">
     <span class='ocr_line' id='line_1_4' title="bbox 92 1393 1168 1576; baseline 0.003 -38"><span class='ocrx_word' id='word_1_8' title='bbox 92 1393 609 1576; x_wconf 88' lang='lat' dir='ltr'><strong>EPISTOLAE</strong></span> <span class='ocrx_word' id='word_1_9' title='bbox 679 1394 1168 1546; x_wconf 82' lang='lat' dir='ltr'><strong>MORALES.</strong></span> 
     </span>
    </p>
   </div>
   <div class='ocr_carea' id='block_1_5' title="bbox 343 2089 925 2184">
    <p class='ocr_par' dir='ltr' id='par_1_5' title="bbox 343 2089 925 2184">
     <span class='ocr_line' id='line_1_5' title="bbox 343 2089 925 2184; baseline -0.003 -2"><span class='ocrx_word' id='word_1_10' title='bbox 343 2093 646 2184; x_wconf 84' lang='lat' dir='ltr'><strong>EPISTOLA</strong></span> <span class='ocrx_word' id='word_1_11' title='bbox 679 2089 925 2180; x_wconf 86' lang='lat' dir='ltr'><strong>LXXXIX.</strong></span> 
     </span>
    </p>
   </div>
   <div class='ocr_carea' id='block_1_6' title="bbox 563 2357 696 2378">
    <p class='ocr_par' dir='ltr' id='par_1_6' title="bbox 563 2357 696 2378">
     <span class='ocr_line' id='line_1_6' title="bbox 563 2357 696 2378; baseline -0.015 -4"><span class='ocrx_word' id='word_1_12' title='bbox 563 2357 696 2378; x_wconf 59' lang='grc' dir='ltr'><strong>σι...-</strong></span> 
     </span>
    </p>
   </div>
   <div class='ocr_carea' id='block_1_7' title="bbox 183 2643 1088 2712">
    <p class='ocr_par' dir='ltr' id='par_1_7' title="bbox 183 2643 1088 2712">
     <span class='ocr_line' id='line_1_7' title="bbox 183 2643 1088 2712; baseline -0.006 -2"><span class='ocrx_word' id='word_1_13' title='bbox 183 2669 383 2710; x_wconf 72' lang='lat' dir='ltr'>autentorum</span> <span class='ocrx_word' id='word_1_14' title='bbox 400 2669 506 2708; x_wconf 80' lang='lat' dir='ltr'>urvrsro</span> <span class='ocrx_word' id='word_1_15' title='bbox 523 2673 530 2708; x_wconf 75' lang='grc' dir='ltr'><strong>ι</strong></span> <span class='ocrx_word' id='word_1_16' title='bbox 548 2643 586 2706; x_wconf 80' lang='lat' dir='ltr'>uu</span> <span class='ocrx_word' id='word_1_17' title='bbox 603 2669 677 2708; x_wconf 78' lang='lat' dir='ltr'>toxo</span> <span class='ocrx_word' id='word_1_18' title='bbox 693 2669 727 2706; x_wconf 78' lang='lat' dir='ltr'>ur</span> <span class='ocrx_word' id='word_1_19' title='bbox 744 2667 878 2707; x_wconf 71' lang='lat' dir='ltr'>arturum</span> <span class='ocrx_word' id='word_1_20' title='bbox 895 2669 955 2708; x_wconf 76' lang='lat' dir='ltr'>surr</span> <span class='ocrx_word' id='word_1_21' title='bbox 970 2669 1088 2712; x_wconf 72' lang='lat' dir='ltr'>maris.</span> 
     </span>
    </p>
   </div>
   <div class='ocr_carea' id='block_1_8' title="bbox 96 2785 1182 4296">
    <p class='ocr_par' dir='ltr' id='par_1_8' title="bbox 96 2785 1180 3452">
     <span class='ocr_line' id='line_1_8' title="bbox 127 2785 1178 2864; baseline 0 -21"><span class='ocrx_word' id='word_1_22' title='bbox 127 2790 243 2864; x_wconf 77' lang='lat' dir='ltr'>Roganti</span> <span class='ocrx_word' id='word_1_23' title='bbox 254 2789 354 2854; x_wconf 86' lang='lat' dir='ltr'>amico,</span> <span class='ocrx_word' id='word_1_24' title='bbox 367 2800 396 2838; x_wconf 86' lang='lat' dir='ltr'>ut</span> <span class='ocrx_word' id='word_1_25' title='bbox 407 2786 543 2840; x_wconf 73' lang='lat' dir='ltr'>discrimen</span> <span class='ocrx_word' id='word_1_26' title='bbox 554 2786 661 2860; x_wconf 79' lang='lat' dir='ltr'>explicet</span> <span class='ocrx_word' id='word_1_27' title='bbox 674 2785 846 2859; x_wconf 81' lang='lat' dir='ltr'>Pbiloaopbite</span> <span class='ocrx_word' id='word_1_28' title='bbox 857 2800 882 2840; x_wconf 89' lang='lat' dir='ltr'>et</span> <span class='ocrx_word' id='word_1_29' title='bbox 900 2787 1052 2861; x_wconf 76' lang='lat' dir='ltr'>Sapientiae,</span> <span class='ocrx_word' id='word_1_30' title='bbox 1069 2788 1103 2841; x_wconf 90' lang='lat' dir='ltr'>ita</span> <span class='ocrx_word' id='word_1_31' title='bbox 1113 2789 1178 2843; x_wconf 91' lang='lat' dir='ltr'>illud</span> 
     </span>
     <span class='ocr_line' id='line_1_9' title="bbox 96 2870 1177 2947; baseline 0.002 -23"><span class='ocrx_word' id='word_1_32' title='bbox 96 2875 199 2938; x_wconf 71' lang='lat' dir='ltr'>statuit,</span> <span class='ocrx_word' id='word_1_33' title='bbox 217 2885 248 2925; x_wconf 90' lang='lat' dir='ltr'>ut</span> <span class='ocrx_word' id='word_1_34' title='bbox 263 2873 297 2924; x_wconf 81' lang='lat' dir='ltr'>ait</span> <span class='ocrx_word' id='word_1_35' title='bbox 313 2871 359 2924; x_wconf 90' lang='lat' dir='ltr'>illa</span> <span class='ocrx_word' id='word_1_36' title='bbox 374 2870 487 2924; x_wconf 84' lang='lat' dir='ltr'>atudium</span> <span class='ocrx_word' id='word_1_37' title='bbox 506 2870 624 2936; x_wconf 72' lang='lat' dir='ltr'>virtutis,</span> <span class='ocrx_word' id='word_1_38' title='bbox 639 2871 692 2926; x_wconf 86' lang='lat' dir='ltr'>btee</span> <span class='ocrx_word' id='word_1_39' title='bbox 706 2871 778 2925; x_wconf 70' lang='lat' dir='ltr'>illiue</span> <span class='ocrx_word' id='word_1_40' title='bbox 795 2871 899 2924; x_wconf 68' lang='lat' dir='ltr'>effectu·</span> <span class='ocrx_word' id='word_1_41' title='bbox 914 2886 939 2925; x_wconf 88' lang='lat' dir='ltr'>et</span> <span class='ocrx_word' id='word_1_42' title='bbox 953 2873 1094 2947; x_wconf 65' lang='lat' dir='ltr'>pramiom.</span> <span class='ocrx_word' id='word_1_43' title='bbox 1104 2873 1177 2926; x_wconf 80' lang='lat' dir='ltr'>lllioa</span> 
     </span>
     <span class='ocr_line' id='line_1_10' title="bbox 97 2952 1178 3024; baseline 0.001 -18"><span class='ocrx_word' id='word_1_44' title='bbox 97 2955 201 3024; x_wconf 85' lang='lat' dir='ltr'>quidem</span> <span class='ocrx_word' id='word_1_45' title='bbox 213 2968 264 3006; x_wconf 86' lang='lat' dir='ltr'>trea</span> <span class='ocrx_word' id='word_1_46' title='bbox 277 2965 373 3024; x_wconf 74' lang='lat' dir='ltr'>parter,</span> <span class='ocrx_word' id='word_1_47' title='bbox 386 2952 525 3018; x_wconf 87' lang='lat' dir='ltr'>moralem,</span> <span class='ocrx_word' id='word_1_48' title='bbox 543 2953 684 3006; x_wconf 70' lang='lat' dir='ltr'>naturalem</span> <span class='ocrx_word' id='word_1_49' title='bbox 698 2965 722 3006; x_wconf 87' lang='lat' dir='ltr'>et</span> <span class='ocrx_word' id='word_1_50' title='bbox 731 2953 886 3008; x_wconf 86' lang='lat' dir='ltr'>rationalem</span> <span class='ocrx_word' id='word_1_51' title='bbox 903 2955 1024 3008; x_wconf 71' lang='lat' dir='ltr'>constitui</span> <span class='ocrx_word' id='word_1_52' title='bbox 1039 2957 1131 3018; x_wconf 66' lang='lat' dir='ltr'>attan,</span> <span class='ocrx_word' id='word_1_53' title='bbox 1145 2953 1178 3008; x_wconf 90' lang='lat' dir='ltr'>ab</span> 
     </span>
     <span class='ocr_line' id='line_1_11' title="bbox 98 3037 1176 3112; baseline 0.003 -22"><span class='ocrx_word' id='word_1_54' title='bbox 98 3040 149 3093; x_wconf 82' lang='lat' dir='ltr'>aliia</span> <span class='ocrx_word' id='word_1_55' title='bbox 161 3039 247 3092; x_wconf 84' lang='lat' dir='ltr'>aliter.</span> <span class='ocrx_word' id='word_1_56' title='bbox 260 3038 364 3091; x_wconf 80' lang='lat' dir='ltr'>Seuecae</span> <span class='ocrx_word' id='word_1_57' title='bbox 377 3037 525 3108; x_wconf 83' lang='lat' dir='ltr'>tripartitam</span> <span class='ocrx_word' id='word_1_58' title='bbox 538 3058 590 3091; x_wconf 78' lang='lat' dir='ltr'>esse</span> <span class='ocrx_word' id='word_1_59' title='bbox 602 3037 683 3112; x_wconf 83' lang='lat' dir='ltr'>placet</span> <span class='ocrx_word' id='word_1_60' title='bbox 694 3058 820 3110; x_wconf 85' lang='lat' dir='ltr'>:quarum</span> <span class='ocrx_word' id='word_1_61' title='bbox 831 3059 959 3112; x_wconf 91' lang='lat' dir='ltr'>quamque</span> <span class='ocrx_word' id='word_1_62' title='bbox 970 3060 1054 3093; x_wconf 71' lang='lat' dir='ltr'>rursus</span> <span class='ocrx_word' id='word_1_63' title='bbox 1067 3039 1176 3106; x_wconf 84' lang='lat' dir='ltr'>dividit,</span> 
     </span>
     <span class='ocr_line' id='line_1_12' title="bbox 97 3121 1178 3197; baseline 0.003 -22"><span class='ocrx_word' id='word_1_64' title='bbox 97 3125 222 3178; x_wconf 84' lang='lat' dir='ltr'>moralem</span> <span class='ocrx_word' id='word_1_65' title='bbox 233 3124 263 3176; x_wconf 89' lang='lat' dir='ltr'>iu</span> <span class='ocrx_word' id='word_1_66' title='bbox 276 3135 345 3188; x_wconf 80' lang='lat' dir='ltr'>tret,</span> <span class='ocrx_word' id='word_1_67' title='bbox 360 3122 502 3184; x_wconf 78' lang='lat' dir='ltr'>naturalem</span> <span class='ocrx_word' id='word_1_68' title='bbox 514 3121 542 3175; x_wconf 93' lang='lat' dir='ltr'>iu</span> <span class='ocrx_word' id='word_1_69' title='bbox 555 3125 634 3188; x_wconf 76' lang='lat' dir='ltr'>duat,</span> <span class='ocrx_word' id='word_1_70' title='bbox 647 3121 797 3177; x_wconf 77' lang='lat' dir='ltr'>rationalem</span> <span class='ocrx_word' id='word_1_71' title='bbox 811 3144 830 3177; x_wconf 83' lang='lat' dir='ltr'>a.</span> <span class='ocrx_word' id='word_1_72' title='bbox 841 3124 963 3197; x_wconf 79' lang='lat' dir='ltr'>Logicam</span> <span class='ocrx_word' id='word_1_73' title='bbox 977 3125 1005 3178; x_wconf 88' lang='lat' dir='ltr'>iu</span> <span class='ocrx_word' id='word_1_74' title='bbox 1019 3125 1178 3180; x_wconf 83' lang='lat' dir='ltr'>Dialecticeu</span> 
     </span>
     <span class='ocr_line' id='line_1_13' title="bbox 97 3206 1176 3286; baseline 0.002 -28"><span class='ocrx_word' id='word_1_75' title='bbox 97 3223 120 3260; x_wconf 86' lang='lat' dir='ltr'>et</span> <span class='ocrx_word' id='word_1_76' title='bbox 131 3206 379 3286; x_wconf 54' lang='lat' dir='ltr'>llbetorieeuffluae</span> <span class='ocrx_word' id='word_1_77' title='bbox 391 3207 479 3260; x_wconf 86' lang='lat' dir='ltr'>omnia</span> <span class='ocrx_word' id='word_1_78' title='bbox 490 3225 635 3279; x_wconf 78' lang='lat' dir='ltr'>quanquam</span> <span class='ocrx_word' id='word_1_79' title='bbox 645 3207 734 3262; x_wconf 80' lang='lat' dir='ltr'>madet</span> <span class='ocrx_word' id='word_1_80' title='bbox 746 3221 775 3260; x_wconf 91' lang='lat' dir='ltr'>ut</span> <span class='ocrx_word' id='word_1_81' title='bbox 783 3209 850 3282; x_wconf 75' lang='lat' dir='ltr'>legat</span> <span class='ocrx_word' id='word_1_82' title='bbox 860 3208 970 3274; x_wconf 73' lang='lat' dir='ltr'>amicus,</span> <span class='ocrx_word' id='word_1_83' title='bbox 980 3221 1066 3263; x_wconf 88' lang='lat' dir='ltr'>tamen</span> <span class='ocrx_word' id='word_1_84' title='bbox 1074 3223 1176 3272; x_wconf 83' lang='lat' dir='ltr'>mouet,</span> 
     </span>
     <span class='ocr_line' id='line_1_14' title="bbox 98 3292 1180 3366; baseline 0.002 -20"><span class='ocrx_word' id='word_1_85' title='bbox 98 3308 123 3346; x_wconf 92' lang='lat' dir='ltr'>ut</span> <span class='ocrx_word' id='word_1_86' title='bbox 132 3295 167 3348; x_wconf 91' lang='lat' dir='ltr'>ad</span> <span class='ocrx_word' id='word_1_87' title='bbox 180 3313 266 3347; x_wconf 78' lang='lat' dir='ltr'>morea</span> <span class='ocrx_word' id='word_1_88' title='bbox 278 3307 304 3346; x_wconf 88' lang='lat' dir='ltr'>et</span> <span class='ocrx_word' id='word_1_89' title='bbox 315 3312 373 3346; x_wconf 74' lang='lat' dir='ltr'>auos</span> <span class='ocrx_word' id='word_1_90' title='bbox 392 3306 416 3346; x_wconf 87' lang='lat' dir='ltr'>et</span> <span class='ocrx_word' id='word_1_91' title='bbox 429 3292 544 3366; x_wconf 78' lang='lat' dir='ltr'>publicos</span> <span class='ocrx_word' id='word_1_92' title='bbox 557 3293 730 3346; x_wconf 82' lang='lat' dir='ltr'>emendandoa</span> <span class='ocrx_word' id='word_1_93' title='bbox 743 3293 864 3348; x_wconf 88' lang='lat' dir='ltr'>omuibua</span> <span class='ocrx_word' id='word_1_94' title='bbox 876 3307 970 3361; x_wconf 83' lang='lat' dir='ltr'>utatur,</span> <span class='ocrx_word' id='word_1_95' title='bbox 983 3306 1058 3366; x_wconf 85' lang='lat' dir='ltr'>atque</span> <span class='ocrx_word' id='word_1_96' title='bbox 1071 3295 1180 3348; x_wconf 82' lang='lat' dir='ltr'>divitia-</span> 
     </span>
     <span class='ocr_line' id='line_1_15' title="bbox 97 3378 606 3452; baseline -0.008 -18"><span class='ocrx_word' id='word_1_97' title='bbox 97 3401 153 3434; x_wconf 80' lang='lat' dir='ltr'>rum</span> <span class='ocrx_word' id='word_1_98' title='bbox 169 3380 297 3451; x_wconf 76' lang='lat' dir='ltr'>luxusque</span> <span class='ocrx_word' id='word_1_99' title='bbox 309 3380 485 3452; x_wconf 73' lang='lat' dir='ltr'>cupidissimos</span> <span class='ocrx_word' id='word_1_100' title='bbox 497 3378 606 3450; x_wconf 77' lang='lat' dir='ltr'>castiget.</span> 
     </span>
    </p>

    <p class='ocr_par' dir='ltr' id='par_1_9' title="bbox 99 3461 1182 4129">
     <span class='ocr_line' id='line_1_16' title="bbox 128 3461 1182 3536; baseline -0.001 -18"><span class='ocrx_word' id='word_1_101' title='bbox 128 3467 190 3518; x_wconf 82' lang='lat' dir='ltr'>Jam</span> <span class='ocrx_word' id='word_1_102' title='bbox 203 3464 252 3518; x_wconf 74' lang='lat' dir='ltr'>etsi</span> <span class='ocrx_word' id='word_1_103' title='bbox 263 3465 384 3518; x_wconf 75' lang='lat' dir='ltr'>accuratio</span> <span class='ocrx_word' id='word_1_104' title='bbox 397 3476 422 3517; x_wconf 88' lang='lat' dir='ltr'>et</span> <span class='ocrx_word' id='word_1_105' title='bbox 430 3463 603 3516; x_wconf 70' lang='lat' dir='ltr'>subtilioribus</span> <span class='ocrx_word' id='word_1_106' title='bbox 620 3461 793 3536; x_wconf 64' lang='lat' dir='ltr'>Philosophia</span> <span class='ocrx_word' id='word_1_107' title='bbox 805 3464 943 3519; x_wconf 71' lang='lat' dir='ltr'>cultoribus</span> <span class='ocrx_word' id='word_1_108' title='bbox 956 3478 1041 3518; x_wconf 76' lang='lat' dir='ltr'>notter</span> <span class='ocrx_word' id='word_1_109' title='bbox 1051 3467 1093 3518; x_wconf 80' lang='lat' dir='ltr'>vix</span> <span class='ocrx_word' id='word_1_110' title='bbox 1103 3464 1182 3517; x_wconf 77' lang='lat' dir='ltr'>tatia·-</span> 
     </span>
     <span class='ocr_line' id='line_1_17' title="bbox 99 3547 1182 3624; baseline 0.001 -23"><span class='ocrx_word' id='word_1_111' title='bbox 99 3551 186 3604; x_wconf 69' lang='lat' dir='ltr'>retine</span> <span class='ocrx_word' id='word_1_112' title='bbox 198 3549 282 3603; x_wconf 86' lang='lat' dir='ltr'>videri</span> <span class='ocrx_word' id='word_1_113' title='bbox 298 3548 403 3614; x_wconf 84' lang='lat' dir='ltr'>debeat,</span> <span class='ocrx_word' id='word_1_114' title='bbox 416 3547 625 3619; x_wconf 88' lang='lat' dir='ltr'>quandoquidem</span> <span class='ocrx_word' id='word_1_115' title='bbox 638 3549 762 3624; x_wconf 84' lang='lat' dir='ltr'>principia</span> <span class='ocrx_word' id='word_1_116' title='bbox 777 3549 910 3603; x_wconf 75' lang='lat' dir='ltr'>divisionis</span> <span class='ocrx_word' id='word_1_117' title='bbox 923 3571 977 3603; x_wconf 81' lang='lat' dir='ltr'>nou</span> <span class='ocrx_word' id='word_1_118' title='bbox 987 3551 1045 3603; x_wconf 77' lang='lat' dir='ltr'>tatis</span> <span class='ocrx_word' id='word_1_119' title='bbox 1057 3549 1182 3603; x_wconf 85' lang='lat' dir='ltr'>anbtiliter</span> 
     </span>
     <span class='ocr_line' id='line_1_18' title="bbox 99 3633 1180 3707; baseline -0.002 -19"><span class='ocrx_word' id='word_1_120' title='bbox 99 3635 213 3706; x_wconf 71' lang='lat' dir='ltr'>posuerit</span> <span class='ocrx_word' id='word_1_121' title='bbox 232 3633 435 3705; x_wconf 86' lang='lat' dir='ltr'>deduxeritque,</span> <span class='ocrx_word' id='word_1_122' title='bbox 455 3645 540 3686; x_wconf 85' lang='lat' dir='ltr'>tamen</span> <span class='ocrx_word' id='word_1_123' title='bbox 562 3647 722 3707; x_wconf 74' lang='lat' dir='ltr'>routpertum</span> <span class='ocrx_word' id='word_1_124' title='bbox 742 3633 941 3706; x_wconf 81' lang='lat' dir='ltr'>haudquaquam</span> <span class='ocrx_word' id='word_1_125' title='bbox 964 3636 1180 3689; x_wconf 83' lang='lat' dir='ltr'>contemnendum</span> 
     </span>
     <span class='ocr_line' id='line_1_19' title="bbox 101 3715 1181 3790; baseline 0 -22"><span class='ocrx_word' id='word_1_126' title='bbox 101 3719 188 3785; x_wconf 78' lang='lat' dir='ltr'>dedit,</span> <span class='ocrx_word' id='word_1_127' title='bbox 199 3737 249 3770; x_wconf 83' lang='lat' dir='ltr'>uec</span> <span class='ocrx_word' id='word_1_128' title='bbox 261 3717 401 3789; x_wconf 83' lang='lat' dir='ltr'>quidquam</span> <span class='ocrx_word' id='word_1_129' title='bbox 417 3715 486 3770; x_wconf 89' lang='lat' dir='ltr'>aliud</span> <span class='ocrx_word' id='word_1_130' title='bbox 498 3715 615 3770; x_wconf 89' lang='lat' dir='ltr'>daturum</span> <span class='ocrx_word' id='word_1_131' title='bbox 625 3737 679 3771; x_wconf 81' lang='lat' dir='ltr'>aeae</span> <span class='ocrx_word' id='word_1_132' title='bbox 692 3719 818 3790; x_wconf 72' lang='lat' dir='ltr'>professus</span> <span class='ocrx_word' id='word_1_133' title='bbox 829 3731 872 3770; x_wconf 81' lang='lat' dir='ltr'>eat.</span> <span class='ocrx_word' id='word_1_134' title='bbox 884 3722 968 3788; x_wconf 78' lang='lat' dir='ltr'>Atque</span> <span class='ocrx_word' id='word_1_135' title='bbox 979 3718 1001 3770; x_wconf 83' lang='lat' dir='ltr'>ai</span> <span class='ocrx_word' id='word_1_136' title='bbox 1013 3717 1058 3790; x_wconf 92' lang='lat' dir='ltr'>qui</span> <span class='ocrx_word' id='word_1_137' title='bbox 1073 3717 1125 3769; x_wconf 78' lang='lat' dir='ltr'>sint</span> <span class='ocrx_word' id='word_1_138' title='bbox 1137 3717 1181 3787; x_wconf 89' lang='lat' dir='ltr'>qui</span> 
     </span>
     <span class='ocr_line' id='line_1_20' title="bbox 102 3800 1181 3872; baseline -0.004 -16"><span class='ocrx_word' id='word_1_139' title='bbox 102 3804 182 3856; x_wconf 77' lang='lat' dir='ltr'>multa</span> <span class='ocrx_word' id='word_1_140' title='bbox 194 3803 222 3855; x_wconf 90' lang='lat' dir='ltr'>iu</span> <span class='ocrx_word' id='word_1_141' title='bbox 235 3803 281 3856; x_wconf 81' lang='lat' dir='ltr'>bat</span> <span class='ocrx_word' id='word_1_142' title='bbox 291 3801 418 3856; x_wconf 76' lang='lat' dir='ltr'>divisione</span> <span class='ocrx_word' id='word_1_143' title='bbox 428 3802 542 3855; x_wconf 75' lang='lat' dir='ltr'>omisisse</span> <span class='ocrx_word' id='word_1_144' title='bbox 551 3822 610 3855; x_wconf 87' lang='lat' dir='ltr'>eum</span> <span class='ocrx_word' id='word_1_145' title='bbox 619 3813 767 3872; x_wconf 87' lang='lat' dir='ltr'>querantur,</span> <span class='ocrx_word' id='word_1_146' title='bbox 776 3801 796 3854; x_wconf 91' lang='lat' dir='ltr'>ii</span> <span class='ocrx_word' id='word_1_147' title='bbox 808 3802 929 3872; x_wconf 71' lang='lat' dir='ltr'>cogitent,</span> <span class='ocrx_word' id='word_1_148' title='bbox 941 3821 1038 3872; x_wconf 76' lang='lat' dir='ltr'>quaeso,</span> <span class='ocrx_word' id='word_1_149' title='bbox 1053 3821 1082 3854; x_wconf 88' lang='lat' dir='ltr'>ea</span> <span class='ocrx_word' id='word_1_150' title='bbox 1093 3800 1181 3853; x_wconf 86' lang='lat' dir='ltr'>omnia</span> 
     </span>
     <span class='ocr_line' id='line_1_21' title="bbox 103 3883 1181 3961; baseline 0.001 -22"><span class='ocrx_word' id='word_1_151' title='bbox 103 3887 296 3960; x_wconf 75' lang='lat' dir='ltr'>haudquaquam</span> <span class='ocrx_word' id='word_1_152' title='bbox 318 3887 419 3940; x_wconf 73' lang='lat' dir='ltr'>latuisse</span> <span class='ocrx_word' id='word_1_153' title='bbox 440 3899 571 3952; x_wconf 81' lang='lat' dir='ltr'>nostrum,</span> <span class='ocrx_word' id='word_1_154' title='bbox 591 3901 737 3958; x_wconf 81' lang='lat' dir='ltr'>veteresque</span> <span class='ocrx_word' id='word_1_155' title='bbox 753 3887 933 3961; x_wconf 76' lang='lat' dir='ltr'>philosophos,</span> <span class='ocrx_word' id='word_1_156' title='bbox 950 3889 994 3942; x_wconf 81' lang='lat' dir='ltr'>sed</span> <span class='ocrx_word' id='word_1_157' title='bbox 1015 3909 1069 3940; x_wconf 87' lang='lat' dir='ltr'>uun</span> <span class='ocrx_word' id='word_1_158' title='bbox 1084 3888 1131 3940; x_wconf 72' lang='lat' dir='ltr'>tub</span> <span class='ocrx_word' id='word_1_159' title='bbox 1150 3883 1181 3940; x_wconf 83' lang='lat' dir='ltr'>iia</span> 
     </span>
     <span class='ocr_line' id='line_1_22' title="bbox 104 3971 1181 4048; baseline -0.002 -22"><span class='ocrx_word' id='word_1_160' title='bbox 104 3993 144 4026; x_wconf 77' lang='lat' dir='ltr'>eoo</span> <span class='ocrx_word' id='word_1_161' title='bbox 155 3972 236 4026; x_wconf 76' lang='lat' dir='ltr'>titulis</span> <span class='ocrx_word' id='word_1_162' title='bbox 247 3973 375 4048; x_wconf 71' lang='lat' dir='ltr'>potuisse,</span> <span class='ocrx_word' id='word_1_163' title='bbox 387 3971 479 4045; x_wconf 81' lang='lat' dir='ltr'>quibua</span> <span class='ocrx_word' id='word_1_164' title='bbox 492 3971 570 4025; x_wconf 71' lang='lat' dir='ltr'>nostri</span> <span class='ocrx_word' id='word_1_165' title='bbox 584 3991 612 4025; x_wconf 88' lang='lat' dir='ltr'>ea</span> <span class='ocrx_word' id='word_1_166' title='bbox 629 3971 756 4044; x_wconf 76' lang='lat' dir='ltr'>assignare</span> <span class='ocrx_word' id='word_1_167' title='bbox 769 3973 859 4025; x_wconf 82' lang='lat' dir='ltr'>solunt.</span> <span class='ocrx_word' id='word_1_168' title='bbox 872 3972 916 4025; x_wconf 83' lang='lat' dir='ltr'>Sic</span> <span class='ocrx_word' id='word_1_169' title='bbox 926 3974 994 4046; x_wconf 74' lang='lat' dir='ltr'>leget</span> <span class='ocrx_word' id='word_1_170' title='bbox 1005 3973 1136 4046; x_wconf 69' lang='lat' dir='ltr'>cogitandi</span> <span class='ocrx_word' id='word_1_171' title='bbox 1153 3972 1181 4025; x_wconf 91' lang='lat' dir='ltr'>iu</span> 
     </span>
     <span class='ocr_line' id='line_1_23' title="bbox 104 4058 618 4129; baseline -0.006 -19"><span class='ocrx_word' id='word_1_172' title='bbox 104 4061 159 4112; x_wconf 83' lang='lat' dir='ltr'>loeo</span> <span class='ocrx_word' id='word_1_173' title='bbox 175 4059 219 4129; x_wconf 88' lang='lat' dir='ltr'>qui</span> <span class='ocrx_word' id='word_1_174' title='bbox 234 4072 286 4112; x_wconf 88' lang='lat' dir='ltr'>erat</span> <span class='ocrx_word' id='word_1_175' title='bbox 297 4059 330 4112; x_wconf 83' lang='lat' dir='ltr'>de</span> <span class='ocrx_word' id='word_1_176' title='bbox 341 4058 430 4111; x_wconf 87' lang='lat' dir='ltr'>auimo</span> <span class='ocrx_word' id='word_1_177' title='bbox 443 4067 618 4112; x_wconf 75' lang='lat' dir='ltr'>tractaverunt.</span> 
     </span>
    </p>

    <p class='ocr_par' dir='ltr' id='par_1_10' title="bbox 106 4137 1181 4296">
     <span class='ocr_line' id='line_1_24' title="bbox 137 4137 1181 4212; baseline -0.004 -18"><span class='ocrx_word' id='word_1_178' title='bbox 137 4139 178 4194; x_wconf 77' lang='lat' dir='ltr'>Cf.</span> <span class='ocrx_word' id='word_1_179' title='bbox 192 4143 362 4196; x_wconf 69' lang='lat' dir='ltr'>&#39;lindemauui</span> <span class='ocrx_word' id='word_1_180' title='bbox 376 4140 481 4212; x_wconf 78' lang='lat' dir='ltr'>Syrtem</span> <span class='ocrx_word' id='word_1_181' title='bbox 498 4141 545 4194; x_wconf 74' lang='lat' dir='ltr'>der</span> <span class='ocrx_word' id='word_1_182' title='bbox 558 4138 660 4193; x_wconf 73' lang='lat' dir='ltr'>sror‘sch.</span> <span class='ocrx_word' id='word_1_183' title='bbox 678 4137 776 4191; x_wconf 80' lang='lat' dir='ltr'>Philus.</span> <span class='ocrx_word' id='word_1_184' title='bbox 786 4139 799 4190; x_wconf 91' lang='lat'>1</span> <span class='ocrx_word' id='word_1_185' title='bbox 809 4176 817 4204; x_wconf 84' lang='lat'>‚</span> <span class='ocrx_word' id='word_1_186' title='bbox 829 4159 854 4212; x_wconf 82' lang='lat' dir='ltr'>p.</span> <span class='ocrx_word' id='word_1_187' title='bbox 866 4157 878 4191; x_wconf 88' lang='grc' dir='ltr'>ι</span> <span class='ocrx_word' id='word_1_188' title='bbox 891 4159 945 4210; x_wconf 74' lang='lat' dir='ltr'>sqq.</span> <span class='ocrx_word' id='word_1_189' title='bbox 963 4151 987 4191; x_wconf 88' lang='lat' dir='ltr'>et</span> <span class='ocrx_word' id='word_1_190' title='bbox 999 4138 1181 4193; x_wconf 76' lang='lat' dir='ltr'>amioiuiumm</span> 
     </span>
     <span class='ocr_line' id='line_1_25' title="bbox 106 4220 1022 4296; baseline -0.005 -20"><span class='ocrx_word' id='word_1_191' title='bbox 106 4223 224 4278; x_wconf 77' lang='lat' dir='ltr'>Rublium</span> <span class='ocrx_word' id='word_1_192' title='bbox 236 4225 261 4278; x_wconf 87' lang='lat' dir='ltr'>iu</span> <span class='ocrx_word' id='word_1_193' title='bbox 274 4225 460 4296; x_wconf 75' lang='lat' dir='ltr'>Commentatt.</span> <span class='ocrx_word' id='word_1_194' title='bbox 472 4223 530 4276; x_wconf 84' lang='lat' dir='ltr'>Soc.</span> <span class='ocrx_word' id='word_1_195' title='bbox 543 4221 607 4294; x_wconf 75' lang='lat' dir='ltr'>Reg-</span> <span class='ocrx_word' id='word_1_196' title='bbox 618 4220 734 4292; x_wconf 80' lang='lat' dir='ltr'>Gottiug.</span> <span class='ocrx_word' id='word_1_197' title='bbox 746 4223 794 4273; x_wconf 83' lang='lat' dir='ltr'>To.</span> <span class='ocrx_word' id='word_1_198' title='bbox 808 4221 861 4288; x_wconf 83' lang='lat' dir='ltr'>XI,</span> <span class='ocrx_word' id='word_1_199' title='bbox 873 4240 898 4295; x_wconf 78' lang='lat' dir='ltr'>p.</span> <span class='ocrx_word' id='word_1_200' title='bbox 908 4224 957 4288; x_wconf 70' lang='lat'>2⁵4</span> <span class='ocrx_word' id='word_1_201' title='bbox 967 4241 1022 4292; x_wconf 69' lang='lat' dir='ltr'>sqq.</span> 
     </span>
    </p>
   </div>
   <div class='ocr_carea' id='block_1_9' title="bbox 0 0 1506 4934">
    <p class='ocr_par' dir='ltr' id='par_1_11' title="bbox 0 0 1506 4934">
     <span class='ocr_line' id='line_1_26' title="bbox 0 0 1506 4934; baseline 0 0"><span class='ocrx_word' id='word_1_202' title='bbox 0 0 1506 4934; x_wconf 95' lang='lat' dir='ltr'> </span> 
     </span>
    </p>
   </div>
  </div>
 </body>
</html>
