2950 4934
356 435 421 504 sos
727 437 877 507 JUSTI
898 437 1064 508 LlPSII

351 579 597 640 ministrationem.
613 579 702 663 tongi
713 583 791 642 euim
806 581 864 642 hmo
877 581 935 642 duo
949 581 1077 656 debent,
1095 595 1124 642 et
1141 609 1155 637 ι
1166 583 1294 646 Neeesse
1310 599 1375 658 est,
1393 600 1428 644 art

351 685 565 760 Damaseeuns,
580 687 713 748 eumdem
724 709 787 748 esse
796 687 980 750 Conditorem
993 709 1090 750 rermu
1101 703 1130 750 et
1142 690 1425 752 Administratoremr

350 811 444 872 neque
464 805 604 872 possunt,
616 804 666 852 aut
684 793 792 854 debent
809 795 910 855 dividi.
928 795 975 854 Sio
992 795 1070 855 enim
1085 797 1275 856 imheossiitati
1296 798 1427 858 alta-uta

350 909 425 958 esset
435 899 593 969 obnoxium
606 900 688 980 qnasi
703 913 754 960 aut
765 901 818 960 iste
832 899 964 961 Condere
976 923 1034 962 uou
1050 915 1160 984 posset,
1180 903 1230 962 ille
1246 925 1308 963 uou
1326 901 1426 962 Admi-

350 1005 469 1066 nistrare
480 1017 510 1065 et
519 1029 699 1068 conservare.
712 1035 727 1061 s
743 1007 823 1068 Siout
832 1011 959 1090 parentis
972 1010 1040 1070 boui
1054 1023 1115 1084 eat,
1129 1023 1158 1070 et
1169 1012 1292 1094 gignere
1303 1011 1423 1092 prolem,

349 1123 378 1170 et
393 1111 498 1172 deinde
513 1113 590 1173 alere
602 1125 690 1194 atque
705 1113 829 1174 educare
848 1137 857 1174 ι
876 1117 915 1176 ita
934 1128 965 1174 et
984 1117 1081 1198 magui
1101 1115 1177 1176 iliius
1198 1119 1304 1178 uosui.
1330 1116 1424 1176 Cicero

348 1217 456 1300 igitur(
466 1218 513 1278 lli
527 1220 574 1278 De
584 1221 650 1281 Nat.
663 1222 751 1281 Deor.
761 1219 774 1302 )
786 1221 845 1282 hec
857 1221 915 1282 duo
927 1222 1002 1284 bene
1011 1223 1122 1304 jungit,
1133 1243 1170 1282 ex
1180 1235 1347 1284 nostrorum
1361 1244 1423 1282 sea·

348 1327 437 1385 tentia
449 1350 458 1385 ι
473 1353 487 1379 α
500 1326 628 1387 Materia
642 1329 783 1388 universa
795 1328 931 1388 fictricem
948 1351 981 1390 oe
994 1329 1211 1390 moderatricem
1223 1351 1289 1390 esse
1300 1329 1420 1390 divinam

347 1430 568 1493 Providentiam.
583 1459 598 1486 ι
613 1433 684 1508 Quis
700 1435 779 1494 euim
795 1433 905 1507 eredit,
920 1435 961 1494 ait
974 1434 1082 1495 Seneca
1096 1435 1156 1517 (De
1165 1435 1282 1496 Provid.
1293 1457 1361 1516 esp.
1379 1433 1420 1515 1):

349 1565 363 1592 ι
375 1539 443 1600 Sine
462 1542 580 1602 custode
599 1555 712 1602 tautum
729 1565 802 1624 opus
825 1555 900 1602 stare
914 1586 923 1617 ,
944 1555 973 1602 et
987 1543 1064 1602 huno
1083 1544 1209 1604 siderum
1224 1565 1345 1604 cursum
1365 1543 1422 1602 dis-

346 1665 517 1728 cursumque
537 1646 646 1707 iortuiti
664 1648 789 1730 impetus
811 1649 927 1708 ossei»
946 1649 1018 1724 Quis
1039 1661 1134 1709 tamen
1154 1649 1273 1722 credet,
1291 1649 1354 1710 has
1369 1662 1419 1708 tam

347 1753 501 1834 pugnantia
516 1773 630 1812 semare
644 1753 776 1814 ordinem
790 1766 820 1813 et
834 1765 957 1827 statum,
973 1755 1028 1813 uisi
1049 1755 1153 1816 Reotor
1168 1755 1217 1814 sile
1237 1757 1293 1829 sit,
1322 1781 1338 1809 ι
1347 1755 1419 1834 euim

346 1859 464 1918 oonsilio
479 1859 546 1918 huie
557 1858 668 1919 Mundo
678 1860 854 1940 providetur,
870 1871 904 1920 nt
919 1861 1103 1920 iueoneussus
1122 1873 1185 1934 eat,
1203 1873 1344 1942 actusque
1361 1881 1420 1920 suos

345 1965 488 2047 exniioet?
501 1993 516 2018 ι
526 1964 606 2048 (Seu
619 1965 650 2024 ΙΙ
663 1965 699 2040 Q.
712 1965 749 2026 N.
762 1988 790 2026 o.
804 1963 870 2049 45)
880 1967 939 2028 Sed
951 1967 1009 2026 vim
1021 1966 1106 2047 hujus
1117 1965 1303 2028 Providentia
1314 2011 1323 2042 ,
1338 1979 1419 2026 etra-

344 2073 451 2132 riautes
458 2072 545 2132 etiam
553 2093 640 2153 super
649 2093 684 2132 ea
689 2092 801 2146 seusm,
809 2071 1001 2154 pulcherrime
1006 2072 1155 2154 Epictetus
1161 2075 1342 2155 exsequitur,
1349 2072 1419 2154 apud

344 2179 498 2238 Arrianum
507 2177 671 2260 (lDissert.
681 2200 709 2238 o.
725 2175 799 2260 12)=
812 2177 914 2253 «Quod
925 2177 964 2239 ad
972 2177 1050 2238 Deos
1058 2179 1169 2251 attinet,
1182 2179 1308 2260 suntqui
1319 2189 1419 2260 negent

344 2285 435 2344 adium
446 2285 560 2345 Numen
569 2305 642 2346 ease.
652 2286 785 2366 Suntqui
794 2305 857 2346 esse
867 2285 990 2357 donent,
1001 2285 1211 2368 sedigusvum,
1222 2285 1418 2358 imminuam

344 2392 415 2451 nulli
426 2373 472 2451 rei
485 2391 645 2474 pmvidere.
662 2392 736 2454 Sunt
748 2393 841 2466 tertii,
858 2391 907 2474 qui
924 2405 953 2453 et
968 2413 1049 2467 esse,
1069 2403 1098 2453 et
1112 2391 1280 2474 providere,
1296 2391 1353 2452 sed
1366 2413 1418 2450 um
1435 2407 1438 2414 ’
1458 2401 1459 2429 ³

343 2498 399 2556 nisi
414 2499 525 2581 maguis
538 2512 567 2558 et
584 2499 759 2572 caelestibus,
775 2511 952 2560 terrenorum
969 2510 1065 2558 autem
1082 2497 1165 2558 nulii.
1185 2496 1301 2573 Quarti,
1319 2509 1352 2556 et
1366 2519 1418 2556 oe·

342 2604 461 2665 lestibus
476 2617 506 2664 et
520 2604 700 2666 terrestribus
711 2628 720 2676 ;
731 2604 784 2665 sed
796 2605 937 2666 universis
950 2603 1113 2678 dumtaxat,
1125 2624 1182 2662 uon
1193 2615 1288 2663 autem
1300 2603 1418 2686 mugistis

343 2723 373 2772 et
381 2713 679 2794 unicuiqueseorsim.
701 2712 740 2771 At
758 2713 869 2793 quinti,
889 2711 920 2772 iu
936 2733 995 2794 qus
1011 2723 1093 2793 parte
1102 2709 1220 2791 Ulysses
1230 2721 1260 2770 et
1269 2709 1417 2780 Socrates,
1457 2749 1458 2758 ι

343 2833 473 2880 asserunt
487 2832 688 2900 statuuntque,
699 2816 778 2899 quod
793 2831 833 2892 te,
848 2839 866 2877 o
879 2817 963 2892 dens,
980 2837 1034 2878 ueo
1050 2818 1080 2876 iu
1095 2818 1213 2877 minimo
1225 2829 1305 2876 motu
1316 2817 1418 2877 lateam

343 2940 392 2987 aut
405 2926 512 2987 iollam.
529 2953 544 2980 s
559 2925 636 2988 Ecce
651 2924 804 3007 padomum
820 2945 988 2998 ascensum,
1011 2935 1041 2984 et
1054 2945 1123 2985 rere
1137 2943 1285 2984 ascensum
1300 2965 1311 2994 ,
1337 2947 1355 2983 a
1378 2935 1419 2982 te·

342 3033 440 3093 nebris
456 3045 485 3093 et
500 3033 647 3114 impietate
663 3030 800 3112 paulatim
815 3029 852 3090 ad
866 3031 960 3092 luceru
974 3041 1003 3091 et
1023 3031 1171 3090 veritatem
1190 3053 1199 3088 ι
1216 3049 1303 3110 quam
1321 3031 1418 3110 quinta

344 3145 392 3204 iila
408 3145 548 3204 sententia
563 3156 606 3204 est
620 3143 752 3225 amplexa
768 3165 777 3202 ι
796 3141 826 3203 id
842 3155 885 3203 est
896 3187 905 3218 ,
918 3157 1023 3204 nostra.
1037 3141 1082 3202 Ita
1094 3142 1170 3202 euim
1182 3153 1211 3201 et
1220 3139 1382 3215 Platonici,
1393 3153 1419 3200 et
1456 3139 1457 3142 ’

343 3252 448 3325 nostri,
465 3253 579 3326 omnia,
597 3252 734 3325 minima,
751 3251 898 3325 maxime,
916 3247 1103 3312 Providentia
1116 3249 1216 3330 subjici
1231 3271 1239 3309 t
1255 3275 1269 3304 a
1281 3248 1347 3309 Nee
1363 3251 1418 3309 sine

343 3355 475 3430 Ratione,
487 3359 616 3438 quamvis
627 3357 739 3431 subita,
757 3355 898 3418 occidere.
912 3383 927 3408 ι
939 3353 1021 3438 (Seu.
1036 3355 1082 3416 De
1093 3353 1176 3416 Prov.
1190 3377 1215 3415 e.
1236 3353 1279 3437 ι.)
1289 3355 1372 3414 Nitss
1381 3367 1418 3414 est

344 3485 458 3539 acasu,
475 3465 525 3523 ubi
534 3485 616 3524 casus
626 3463 750 3524 maxime
759 3475 879 3545 apparet
892 3485 900 3522 ι
915 3462 967 3522 sed
977 3463 1120 3522 oecultum
1132 3459 1241 3541 uliquid
1253 3459 1347 3520 divini
1359 3483 1419 3520 oon-
1455 3505 1456 3552 3

344 3573 399 3632 otii
420 3583 477 3646 est,
494 3593 551 3654 quo
569 3571 740 3654 dirigsmtur.
760 3567 841 3630 Pluto
859 3567 908 3651 (ln
928 3565 1080 3651 Epiuom.)
1100 3568 1224 3627 sermoni
1243 3589 1296 3627 suo
1317 3569 1372 3627 toti
1388 3567 1418 3628 de

344 3677 408 3739 Diis
422 3679 477 3738 hoo
492 3679 572 3738 velut
582 3677 802 3739 fundamentum
812 3677 975 3759 prastruits
991 3701 1005 3730 α
1016 3674 1100 3750 Quod
1111 3687 1211 3735 curent
1226 3675 1346 3748 omnia,
1360 3699 1418 3735 rua-

345 3808 401 3869 gua
417 3809 451 3846 ea
475 3787 533 3846 sint
550 3799 599 3846 aut
617 3805 715 3867 parva.
730 3811 744 3838 s
766 3787 861 3865 Atque
880 3785 911 3844 id
930 3784 1039 3843 ratione
1057 3783 1143 3842 etiam
1160 3782 1231 3842 scita
1249 3781 1337 3844 docet
1358 3784 1417 3842 atti

343 3893 421 3976 (Lib.
436 3893 513 3955 Xde
523 3891 658 3978 legin),
672 3891 718 3952 tis
732 3891 793 3952 iere
807 3891 902 3952 verbis
913 3909 926 3965 ,·
942 3902 993 3950 aut
1009 3911 1095 3950 seusu
1113 3913 1122 3949 ι
1141 3915 1155 3942 o
1167 3889 1264 3964 Quum
1279 3889 1331 3949 Dii
1347 3893 1416 3960 siut,

345 4025 403 4062 non
410 4003 563 4063 convenire
574 4013 606 4060 ut
615 4000 698 4061 otiosi
712 4000 818 4084 degant
831 4024 839 4060 ι
853 4021 953 4060 curare
964 4019 1032 4081 ergo
1043 4019 1089 4059 res
1101 3997 1252 4057 humanas.
1267 3997 1366 4072 Quum
1377 4021 1418 4056 au·

345 4123 403 4170 tem
416 4110 545 4170 omnisoii
556 4110 632 4182 sint,
646 4109 731 4168 etiam
740 4109 858 4167 minima
869 4106 968 4167 videre
981 4118 1009 4166 et
1020 4125 1103 4166 nosse
1114 4104 1294 4165 censendum
1306 4118 1366 4179 est,
1379 4127 1418 4164 ea·

344 4241 401 4299 quo
419 4219 506 4302 igitur
520 4213 629 4277 curo're.
647 4215 796 4291 Quidni?
817 4216 917 4296 procul
936 4215 1012 4276 euim
1031 4215 1068 4277 sb
1082 4215 1117 4274 iis
1129 4215 1415 4296 ignavia'etiuertiat
