2950 4934
485 414 776 488 nersroun.
1102 423 1163 518 ⁴7¹

94 545 160 624 jore
170 564 240 606 cum
252 543 516 626 lructulegentur,
532 543 559 604 si
574 543 714 626 legantur
728 558 762 605 ut
777 544 909 608 hominis
924 547 1048 632 pagani,
1061 570 1171 630 quem-

95 651 258 712 admodum
278 650 365 712 initio
387 648 504 733 prelati
518 669 622 712 sumus
635 662 655 709 ¹.
675 648 780 732 Quum
796 663 898 716 autem
919 651 980 716 haec
1003 654 1171 719 scribantur

93 754 263 818 clanculum
279 754 357 816 inter
374 755 475 838 ipsos,
490 775 583 836 quam
601 753 677 816 nihil
699 754 792 818 estin
809 752 942 820 Paulinis
956 758 1091 841 epistulis
1113 761 1167 822 illo

92 857 179 922 Pauli
192 859 300 943 spiritu
316 862 457 944 dignum,
473 881 565 941 quam
579 860 626 922 vir
644 881 771 942 usquam
786 862 889 924 audias
902 883 1014 925 nomen
1031 861 1166 944 Christi,

92 989 185 1049 quum
210 967 263 1029 ille
281 986 343 1028 nou
370 967 466 1030 soleat
489 967 573 1030 aliud
596 989 723 1052 crepare
746 989 837 1050 quam
861 969 972 1032 Jesum
988 967 1161 1038 Christum!

91 1071 210 1134 Deinde
227 1072 313 1134 illum
329 1072 528 1135 fortissimum
542 1071 702 1156 Evangelii
715 1087 990 1158 propugnatorem,
1006 1097 1096 1158 quarn
1117 1077 1167 1139 sa·-

91 1178 130 1240 cit
145 1178 179 1238 in
193 1177 242 1240 his
258 1177 393 1260 epistolis
405 1176 654 1240 formidolosum!
669 1176 822 1262 Objurgat
840 1177 988 1243 Senecam
1004 1185 1084 1262 quod
1105 1184 1166 1244 Ne·
1252 1233 1253 1238 ,

92 1283 159 1344 mni
177 1283 317 1345 indicarit
337 1282 480 1365 epistolas
505 1283 613 1366 ipsius,
637 1284 764 1365 quasin
787 1283 846 1347 hoc
871 1284 1055 1369 scripserat,
1078 1288 1163 1362 utin

91 1388 232 1450 omuibus
253 1387 387 1451 ecclesiis
412 1387 604 1471 legerentur,
633 1402 723 1470 atquc
745 1391 822 1452 adeo
845 1390 976 1474 scipsum
1011 1393 1164 1476 redarguit

120 1637 129 1666 ¹
146 1634 179 1685 ln
189 1633 302 1706 Epistola
316 1633 500 1707 nuncupatoria
512 1633 545 1686 ad
563 1633 594 1685 R.
609 1632 643 1684 D.
658 1633 761 1698 Retrum
769 1633 930 1706 ,Episcopum
947 1634 1142 1688 Cracoriensem
1155 1654 1163 1689 ι

89 1741 102 1764 s
113 1717 259 1788 Equidem,
275 1718 358 1789 inquit
367 1756 375 1783 ,
384 1717 492 1771 arbitror
506 1716 589 1788 magis
608 1716 636 1768 in
650 1736 706 1770 rem
722 1737 775 1770 esee
789 1717 905 1785 lectoris,
920 1732 950 1771 ut
963 1720 1161 1784 Seuerrslibros

87 1801 173 1874 legat,
185 1802 255 1855 velut
264 1801 376 1854 hominis
384 1801 469 1874 ignari
480 1813 572 1854 nostre
582 1799 724 1872 religionis.
736 1801 838 1854 Etenim
849 1801 870 1853 si
883 1801 950 1874 legas
962 1802 1034 1854 illum
1046 1816 1074 1856 ut
1084 1824 1162 1878 paga-

87 1907 150 1940 num
160 1927 169 1954 ,
180 1887 277 1961 scripsit
289 1887 431 1940 Christiane
442 1907 450 1951 3
461 1887 483 1939 si
493 1899 520 1938 ut
534 1885 719 1949 Christianum,
729 1886 826 1960 scripsit
840 1887 969 1961 pagsuiee.
981 1887 1069 1955 Quum
1079 1903 1167 1944 auteur

87 1969 113 2021 iu
125 1969 174 2023 illo
182 1973 233 2024 sint
241 1971 353 2040 plurima
365 2009 373 2038 ,
386 1991 443 2043 quse
455 1961 588 2044 segnitiem
599 1983 709 2024 nostram
725 1972 822 2045 possint
834 1971 866 2024 ad
877 1971 977 2026 virtutis
988 1971 1100 2025 studium
1110 1993 1157 2025 ac-

86 2053 195 2108 cendere
203 2091 212 2118 ,
221 2043 351 2109 habebunt
359 2057 447 2108 eadem
455 2054 687 2120 acrioretaeuleus,
700 2055 723 2106 si
732 2055 871 2128 cogitemus
884 2055 916 2108 ah
924 2055 1027 2109 ethnico
1038 2055 1157 2130 prosecta.

84 2139 163 2212 Apud
173 2141 231 2192 illos
242 2141 312 2194 enim
321 2154 380 2194 sunt
388 2141 503 2212 quaedam
515 2139 548 2193 ita
555 2140 622 2192 dicta
633 2153 733 2212 gestave
742 2179 750 2208 ,
762 2153 789 2193 ut
800 2141 866 2211 juxta
875 2140 1044 2194 Christianam
1056 2141 1159 2212 quidem

85 2223 274 2297 philosophiam
288 2226 452 2278 vehementer
461 2225 513 2278 siut
524 2225 700 2299 improbanda,
714 2245 765 2298 prae
775 2245 802 2278 se
811 2228 893 2280 ierunt
902 2239 987 2279 tamen
999 2225 1089 2280 miram
1103 2225 1161 2276 vir-

84 2307 143 2360 tutis
156 2308 272 2363 indolem
283 2350 291 2376 ,
303 2310 374 2362 velut
384 2309 450 2363 illud
463 2309 572 2362 Socratis
582 2309 656 2363 :Hoc
664 2325 746 2362 utrum
755 2313 826 2376 scio,
839 2312 911 2380 quod
922 2310 988 2363 nihil
998 2313 1067 2372 scio,
1080 2328 1158 2378 quum

83 2387 115 2442 sit
125 2391 355 2454 absurde-dictum,
366 2404 452 2445 nmen
462 2391 593 2464 exprobrat
603 2392 677 2446 uobis
686 2405 798 2445 nostram
810 2392 988 2463 arrogantiam.
998 2391 1032 2442 Et
1039 2390 1160 2444 Lucretiae

83 2476 179 2528 fartum
189 2513 197 2540 ,
208 2495 288 2546 quum
294 2476 327 2528 sit
334 2475 430 2547 optimo
442 2476 497 2546 jure
507 2476 654 2530 detestabile
662 2516 670 2544 ,
678 2475 753 2528 nobis
760 2489 846 2528 tamen
858 2476 1020 2529 commendat
1032 2474 1159 2549 pudicitiae

82 2560 216 2623 studitam,
229 2572 254 2612 et
268 2559 318 2612 hoc
328 2558 455 2617 efficacius
468 2559 630 2612 commendat
640 2599 648 2624 ,
660 2558 731 2629 qnod
741 2559 884 2634 exemplum
893 2557 926 2610 ah
937 2558 1039 2622 ethpica
1053 2558 1162 2612 foemina

82 2646 226 2717 proiectum
238 2644 278 2698 sit
290 2644 378 2717 ltaque
389 2644 459 2717 quod
471 2644 503 2697 ad
517 2663 603 2706 morea
614 2643 716 2706 attinet,
734 2643 832 2713 majore
841 2643 923 2696 fructu
935 2642 1032 2716 legetur
1041 2645 1136 2696 Seneca
1149 2681 1156 2708 ,

81 2729 103 2780 si
117 2729 235 2800 legatur,
246 2740 290 2793 ut,
304 2727 521 2799 quemadmodum
532 2727 592 2792 init,
604 2745 727 2799 paganus.
737 2725 804 2777 Nam
818 2738 842 2778 et
854 2725 997 2779 Christiane
1006 2725 1072 2778 dicta
1081 2728 1158 2778 uehe-

82 2813 198 2866 mentius
212 2805 341 2878 afficiens,
359 2824 384 2866 et
403 2831 474 2865 secus
490 2812 555 2865 dicta
567 2847 574 2874 ,
588 2811 673 2864 minus
690 2809 793 2864 laedent
812 2809 915 2882 Alioqui
934 2829 1065 2881 nusquam·
1077 2813 1163 2880 magis.

82 2898 238 2971 discrepata
256 2895 399 2950 Christiana
413 2894 570 2969 philosophia
579 2935 587 2962 ,
597 2913 675 2965 quarn
688 2913 768 2965 quum
780 2914 810 2950 ea
825 2887 928 2959 uariat,
942 2914 999 2966 qun
1013 2895 1087 2958 uobis
1098 2908 1157 2952 sunt

81 2983 219 3056 praeipua.
233 2981 315 3054 Caput
327 2980 396 3035 enim
410 2993 503 3037 nosue
514 2979 646 3054 religionis
657 2992 710 3044 est,
726 2997 800 3032 nosse
810 2978 904 3034 Deum.
914 2982 949 3034 At
963 2979 1007 3032 ille
1019 2998 1157 3044 commup-

80 3079 207 3120 stratnrus
223 3066 298 3118 nohis
312 3065 374 3137 quid
387 3065 419 3118 sit
432 3066 509 3117 deus:
526 3065 614 3127 Deus,
631 3063 730 3134 inquit,
750 3077 785 3116 est
800 3075 880 3116 totum
894 3063 1020 3134 hocquod
1038 3065 1110 3118 vides
1127 3079 1153 3118 et

80 3172 137 3204 nou
149 3151 222 3212 vides
230 3150 325 3220 ,quad
338 3163 403 3202 totas
413 3149 457 3202 hie
469 3149 580 3202 mundus
590 3148 622 3201 sit
632 3148 722 3221 ingens
733 3147 844 3212 animal,
855 3147 928 3220 cujus
938 3139 1027 3222 corpus
1034 3149 1066 3202 sit
1076 3151 1155 3204 oeulis

80 3235 251 3306 conspicuum
263 3272 270 3298 ,
281 3233 366 3287 anima
375 3233 462 3296 lateat,
472 3247 496 3286 et
506 3231 556 3284 hoc
568 3232 600 3285 sit
610 3231 680 3285 daus
694 3231 753 3283 lam
765 3250 864 3284 unusne
876 3232 909 3294 sit
921 3233 994 3300 deus,
1008 3253 1042 3285 au
1055 3233 1156 3308 plures,

79 3312 247 3374 vehementer
257 3319 381 3391 ambigit,
392 3333 417 3372 et
425 3331 511 3373 tamen
520 3319 665 3389 lreapuentcr
676 3317 749 3370 iterat
761 3316 821 3370 deos
834 3317 949 3386 deasque·
960 3319 1056 3374 lturnn
1066 3319 1155 3373 irridet

79 3421 144 3467 eos,
157 3400 205 3471 qui
217 3412 305 3473 putant
318 3401 345 3454 in
356 3400 405 3454 hoc
416 3400 513 3453 mundo
526 3397 593 3452 nihil
607 3397 678 3472 geri,
691 3398 760 3470 quod
770 3397 839 3452 hunc
852 3400 926 3452 deum
938 3419 991 3452 non
1002 3399 1085 3465 sallat,
1097 3422 1155 3474 per-

77 3485 145 3537 inde
163 3485 237 3555 quasi
253 3485 360 3538 culicem
371 3485 462 3537 sentiat
477 3483 631 3557 elephantus.
645 3485 705 3536 Jsrn
722 3503 756 3537 an
772 3483 857 3536 anima
877 3485 983 3556 supersit
1004 3485 1103 3559 corpori
1119 3486 1155 3540 sic

78 3566 210 3639 disputat,
223 3565 295 3638 quasi
307 3566 370 3620 nihil
384 3568 490 3630 referat,
503 3577 588 3618 utrum
598 3564 692 3618 credas.
704 3563 821 3628 alicubi,
835 3577 863 3618 ut
874 3566 949 3619 relert
963 3565 1152 3628 Tertullianus,

75 3649 231 3724 pronuntiat
239 3651 326 3702 omnia
337 3648 408 3702 liniri
419 3661 516 3712 morte,
529 3648 606 3700 etiam
615 3647 846 3721 ipsamel’ostrsmo
854 3649 953 3718 quoties
966 3648 1057 3705 incidit
1073 3649 1100 3704 iu
1110 3669 1155 3708 sa·.

76 3735 196 3807 pienteua
207 3732 282 3786 illum
291 3734 422 3796 Stoicum,
435 3732 471 3785 sie
482 3750 541 3784 euru
551 3731 662 3796 attollit,
673 3744 703 3785 ut
712 3732 856 3810 frequenter
866 3733 915 3798 diis
923 3746 1004 3804 aequet
1012 3767 1019 3796 ‚
1028 3753 1164 3806 nonnun-¹

74 3839 161 3889 quarn
167 3832 192 3873 et
198 3831 341 3894 anteponat.
351 3819 394 3872 Ait
401 3819 539 3892 sapientem
548 3817 693 3884 universam
704 3819 850 3872 felicitatem
860 3839 930 3870 suam
939 3818 987 3872 sibi
995 3821 1040 3872 uni
1051 3819 1152 3885 dehere,

74 3903 129 3954 rliis
141 3901 210 3962 nihil
223 3923 287 3976 opus
300 3923 367 3968 esse,
378 3902 457 3966 immo
468 3901 528 3954 deos
537 3899 732 3974 aliquiddebere
743 3902 857 3975 sapienti.
867 3906 900 3955 Ar
914 3902 990 3974 pietas
1008 3901 1081 3955 nobis
1089 3923 1151 3975 per-

73 3987 176 4050 suasit,
189 3987 431 4060 etiampasserculos
443 3998 467 4039 et
481 3985 534 4038 lilia
547 3985 595 4038 deo
605 4005 671 4040 curse
686 4006 757 4051 esse,
769 3998 821 4039 tum
836 3986 966 4037 hominem
985 3985 1049 4038 nihil
1059 3986 1160 4040 habere,

74 4092 106 4122 es
114 4071 437 4138 seseboni,sedsumrnasn
445 4088 496 4124 suae
503 4069 631 4123 felicitatis
638 4071 730 4125 debere
738 4069 920 4124 munificentiae
931 4070 1052 4129 numinis·
1060 4072 1151 4140 Quart*

74 4169 135 4219 tum
146 4156 224 4227 igitur
233 4157 265 4209 sit
275 4155 395 4229 periculi,
407 4157 428 4210 si
438 4154 480 4208 illa
491 4155 606 4226 legantur
617 4155 710 4208 reluta
721 4155 863 4211 Christiano
874 4155 972 4228 prodita
982 4155 989 4209 l
999 4171 1012 4196 >³
