2950 4934
252 422 492 495 PHYSIOL.
519 425 770 496 STOICOR.
795 428 889 497 LIB.
917 426 992 493 III.
1083 429 1153 495 651

82 580 116 627 ct
125 570 254 649 puriores
263 568 401 651 Theologi
410 570 469 648 jum
479 572 562 630 nlitcr
576 570 655 631 credi
666 572 875 631 consensissent
886 594 895 629 c
906 590 1066 652 pereamus.
1081 568 1158 630 lun.

81 674 150 734 Non
163 676 244 735 lubet
263 676 294 735 in
308 677 362 735 ista
376 676 454 736 velut
467 676 554 757 adyta
567 690 717 758 penetrare
734 702 743 736 s
762 690 857 737 tamen
873 698 962 737 unum
978 674 1072 735 valide
1086 696 1161 757 pos·-

81 783 124 841 sit
138 782 235 861 objici.
254 781 285 842 si
299 782 458 843 traducitur
480 783 585 843 Anima
600 796 630 844 et
646 796 821 866 propagatur
837 808 845 843 s
862 806 914 843 cur
932 805 996 843 men
1009 795 1160 865 parentum

82 888 198 961 melior,
220 888 360 963 subtilior,
376 888 504 951 felicior?
520 869 628 953 referre
648 892 726 952 enim
748 912 796 951 eas
818 892 961 965 debehat,
984 903 1016 951 ut
1030 891 1160 951 surculus

82 996 236 1068 arborem,
253 1008 286 1055 nt
298 995 408 1057 fruetus
424 1018 533 1057 semen.
553 997 633 1059 Iurs.
655 990 846 1080 Hippocrates
860 1001 919 1079 jam
932 997 1000 1057 olim
1014 996 1162 1080 respondit

82 1100 157 1183 (lib.
174 1101 207 1175 I,
224 1102 261 1161 de
285 1101 414 1184 Diaeta),
432 1132 446 1157 α
461 1106 595 1165 Animam
616 1128 673 1165 non
698 1108 820 1181 mutari,
845 1106 896 1165 sed
910 1126 1061 1187 corporum
1082 1117 1160 1165 tem-

83 1221 285 1288 peramentum
300 1235 314 1262 »
334 1222 391 1270 :et
404 1232 458 1291 pro
471 1232 507 1272 eo
522 1212 620 1294 igitur,
643 1225 730 1294 atque
742 1226 775 1273 ut
793 1235 899 1295 organa
920 1223 1007 1285 sunt,
1024 1211 1158 1271 Animam

82 1315 177 1396 magis
192 1316 323 1375 minusve
337 1338 370 1377 se
383 1336 539 1389 exserere,
555 1331 585 1377 et
598 1318 761 1401 splendere.
777 1319 969 1380 Tertullianus
992 1328 1087 1377 nutem
1106 1316 1161 1375 hoc

83 1421 228 1502 amplius,
251 1422 362 1497 Deum,
385 1436 434 1483 nut
451 1425 595 1483 ministros
617 1426 679 1504 ejus
699 1425 831 1497 adhibet;
849 1439 877 1485 et
892 1446 1048 1499 «omnem,
1065 1424 1161 1505 inquit

65 1517 168 1610 ¹(cnp.
179 1509 254 1611 ap),
276 1527 400 1589 hominis
422 1532 452 1589 in
469 1542 550 1591 utero
566 1531 699 1606 serendi,
717 1532 866 1607 struendi,
881 1532 1025 1615 fingendi,
1040 1543 1163 1613 paratu-

83 1656 148 1693 ram
164 1635 259 1715 nliqua
273 1636 374 1718 utique
386 1648 530 1716 potestas,
543 1636 646 1695 slivinae
659 1637 812 1699 voluntatis
824 1639 972 1714 ministra,
985 1637 1159 1709 modulatur,

83 1762 297 1822 quamcumque
313 1742 392 1802 illam
407 1744 546 1803 rationem
563 1744 671 1825 agitare
691 1744 800 1805 sortita.
820 1770 834 1795 s
857 1743 955 1817 Bene,
978 1744 1063 1804 bene.
1082 1744 1164 1803 Deus

84 1848 186 1919 adest,
204 1847 350 1929 disponit,
377 1848 477 1921 addit,
501 1846 612 1923 demit,
629 1861 786 1929 utcumque
808 1849 849 1909 illi
872 1850 975 1909 visum.
1003 1852 1041 1909 At
1062 1861 1162 1908 contra

84 1954 195 2013 Stoicos
210 1955 303 2014 simile
318 1955 478 2035 objiciatur,
502 1954 652 2029 Quomodo
672 1955 756 2015 liberi
776 1976 870 2015 mores
894 1978 968 2037 sepe
989 1968 1018 2015 ct
1035 1955 1161 2015 indolem

84 2075 238 2143 parentum
258 2061 404 2135 referunt,
429 2063 453 2120 si
476 2063 506 2121 in
528 2062 639 2121 semine
659 2060 718 2122 hec
738 2085 797 2122 non
822 2062 958 2123 fuerunt?
984 2061 1165 2143 Chrysippus

84 2166 254 2249 respondit,
270 2169 324 2229 ista
337 2189 451 2249 quoque
461 2190 479 2227 a
488 2163 727 2249 temperie'simili
741 2176 891 2249 corporum
905 2169 1074 2251 provenire,
1089 2170 1165 2251 qui-

85 2274 142 2332 bus
153 2273 256 2333 Anima
269 2275 341 2334 affici
357 2286 407 2334 aut
420 2274 498 2333 infici
512 2274 611 2355 possit.

405 2526 721 2588 DISSERTATIO
742 2528 845 2588 VIII.

85 2703 117 2763 Ε
129 2702 207 2764 Calo
219 2715 249 2765 et
262 2704 379 2765 AEtlsere
398 2703 536 2765 Animum
553 2706 699 2774 aduenire,
722 2727 743 2764 o
762 2705 871 2775 Stellas,
890 2706 928 2765 ab
948 2706 1008 2785 ipso
1028 2702 1089 2764 Deo
1105 2728 1118 2773 ,,·
1135 2716 1165 2765 ct

251 2814 381 2891 plusculo
394 2812 559 2883 sublimiter,
576 2834 612 2872 uc
627 2813 725 2882 ηἰηιιὶς,
746 2835 765 2871 α
780 2812 880 2873 Stoicis
897 2812 986 2871 dictu.

127 3019 236 3093 Iraque
246 3021 382 3080 advenire
396 3023 530 3081 Animam
547 3021 633 3081 Stoici
646 3024 798 3081 voluerunt
812 3048 819 3081 ε
833 3021 988 3103 etquidem
1002 3022 1056 3082 sub
1067 3025 1161 3105 ipsum

83 3139 211 3210 partum.
231 3127 318 3187 Unde
332 3128 449 3188 autem?
462 3127 532 3188 IIaec
548 3143 577 3189 et
586 3130 670 3210 plura
683 3152 770 3211 super
781 3130 885 3189 Animo
900 3132 1037 3210 exsequI,
1050 3132 1164 3191 animus

82 3247 130 3294 cst
147 3256 155 3291 s
172 3233 225 3293 sed
246 3255 302 3313 que
318 3234 393 3294 serie
406 3248 456 3295 ant
472 3235 611 3316 dispositu
625 3236 751 3306 melius,
774 3259 860 3318 quam
883 3238 933 3297 illo
947 3260 1033 3319 quem
1055 3239 1162 3299 Seneca

81 3339 133 3421 (ei
143 3337 217 3399 hanc
228 3362 345 3421 operam
357 3340 477 3422 damus)
487 3343 596 3423 preivit
606 3342 698 3401 lNam
709 3342 807 3402 scribit
816 3344 883 3403 olibi
894 3341 969 3425 (Ep.
984 3343 1160 3427 sxxxv111):

84 3474 101 3499 n
118 3445 347 3505 Innumerabiles
358 3446 463 3507 deinde
477 3448 646 3528 questiones
660 3459 727 3507 sunt
739 3447 776 3508 dc
787 3449 901 3509 Animo.
916 3449 1001 3509 Unde
1012 3450 1068 3511 sit?
1082 3449 1161 3526 Quu-

79 3554 120 3611 lis
135 3552 193 3611 sit?
205 3552 326 3629 Quando
341 3576 403 3615 esse
418 3555 553 3635 incipiat?
565 3554 709 3629 Quadeu
723 3556 785 3615 sit?
801 3556 849 3615 Au
865 3556 981 3617 aliunde
995 3559 1051 3617 alio
1067 3571 1160 3619 uene

82 3672 134 3719 eat
158 3671 187 3718 et
209 3660 385 3721 domicilium
407 3661 518 3722 mutet?
542 3661 647 3721 Utrum
677 3684 781 3743 corpus
803 3664 856 3733 sit,
881 3686 918 3725 on
936 3687 993 3725 nou
1010 3665 1069 3725 sit?
1083 3666 1159 3741 Quid

83 3765 212 3825 facturus
228 3768 281 3839 sit,
299 3779 327 3826 et
342 3768 399 3827 illic
416 3789 499 3827 nosse
513 3789 543 3829 se
558 3769 694 3849 incipiat,
713 3782 865 3851 postquam
882 3771 918 3831 de
934 3794 1051 3853 corpore
1066 3773 1156 3833 abdu-

81 3886 148 3933 ctus
163 3875 194 3931 in
209 3873 332 3932 sublime
347 3874 484 3933 secessit?
502 3902 516 3926 n
534 3874 611 3935 Eece
628 3876 679 3935 tibi
694 3888 759 3934 octo
772 3878 942 3957 quaesfiones
957 3878 1091 3958 capitales
1106 3902 1114 3937 s
1131 3892 1156 3939 et

80 3981 139 4039 sub
160 4001 249 4039 manu
268 3981 329 4039 aliae
349 3994 496 4063 emergent
517 3980 656 4054 insusse,
680 3982 733 4041 sed
754 3982 790 4041 ad
806 3982 865 4042 lraee
880 3983 959 4045 velut
979 3986 1060 4067 signa
1075 4006 1162 4047 reve·-

80 4087 182 4147 candae
198 4100 227 4146 et
243 4087 437 4168 disponendae.
457 4088 564 4170 Ingens
580 4111 652 4171 opus
668 4114 676 4148 s
693 4088 745 4149 sed
761 4091 918 4172 stringam,
936 4091 1161 4173 disputationum

80 4194 146 4253 l'cre
166 4216 286 4268 exsors,
305 4207 332 4255 et
347 4197 518 4257 sententiam
534 4195 655 4257 Stoicam
676 4198 805 4277 posuisse
820 4210 905 4279 atque
927 4201 1072 4281 aperuisse
1087 4222 1164 4261 con·
