2950 4934
479 306 484 341 i

377 436 390 496 Ι
419 495 696 569 EPIWOLA
719 494 846 563 CXX.
1103 496 1170 567 323

107 647 174 722 que
184 628 276 697 circa
285 639 364 695 suut
373 630 399 708 ¹,
412 624 671 720 tuumjudicnt,
687 624 748 695 sod
759 642 798 695 ut
810 625 1028 695 commodatis
1038 628 1166 711 utitur,

106 746 302 840 peregrinus
312 758 346 813 et
359 764 559 837 properans.
575 742 692 836 Quum
702 743 851 835 aliquem
861 744 965 839 hujus
973 743 1167 815 rideremus

108 864 297 933 constantim
317 912 327 946 ‚
349 858 471 953 quidni
498 860 628 929 subiret
645 869 706 930 nos
728 862 946 955 speciesnon
968 863 1101 931 usitatae
1118 863 1173 929 in-

108 977 208 1065 dolis3
223 978 379 1073 utique,
406 976 434 1045 oi
454 974 544 1043 hano
555 1020 565 1059 ‚
584 992 623 1043 ut
644 974 734 1058 dixi,
761 976 1031 1069 magnitudinem
1057 1000 1173 1045 veram

108 1119 176 1165 asse
191 1094 391 1165 ostendebat
409 1092 581 1185 aqusbtss
591 1094 631 1161 ²?
648 1094 729 1161 Veri
753 1109 852 1161 tenor
869 1109 1065 1186 perronna,
1091 1092 1175 1162 salsa

107 1238 172 1283 non
196 1209 336 1286 durant.
358 1207 509 1303 Quidam
533 1209 672 1279 alternis
689 1211 842 1292 Vatinii,
862 1210 1005 1279 alternis
1029 1212 1176 1281 Catones
1200 1236 1232 1269 πο

108 1345 182 1399 sunt
205 1354 215 1395 a
237 1344 271 1397 et
291 1324 392 1395 modo
411 1348 533 1419 parum
551 1324 619 1393 illis
642 1348 781 1393 screws
808 1331 859 1393 c'st
881 1326 1005 1394 Curius
1017 1376 1029 1410 ,
1055 1348 1175 1419 pamm

106 1464 237 1536 pauper
248 1442 449 1523 Fabricius,
466 1463 586 1532 parurn
599 1438 690 1530 frugi
705 1452 739 1507 et
750 1452 928 1507 contentus
940 1431 1083 1516 vilibus³
1101 1438 1177 1524 Tu·

105 1558 210 1643 bero3
233 1556 332 1627 modo
353 1556 523 1625 Licinium
541 1547 707 1637 divitiit⁴,
725 1553 884 1649 Apicium
903 1556 1033 1638 ooenis,
1053 1557 1178 1625 Maeoe·

105 1692 216 1747 notem
243 1673 376 1743 deliciis
396 1687 592 1766 provocant.
619 1671 805 1759 Maximum
822 1665 987 1758 indicium
1009 1688 1060 1740 est
1082 1672 1178 1739 maiar

106 1796 247 1878 mentis,
262 1790 458 1873 fluctuatio,
473 1805 510 1858 et
526 1790 617 1857 inter
626 1788 875 1858 simulationem
887 1790 1050 1857 virtutum
1063 1838 1073 1871 ,
1087 1812 1178 1857 amo-

107 1930 246 2000 remque
262 1906 446 1987 vitiorum‚
465 1900 599 1973 assidua
612 1903 766 1996 jactatio.

407 2107 479 2125 .....
493 2070 608 2125 Habebat
618 2090 684 2140 saepc
697 2070 818 2124 ducentos
829 2071 849 2136 ⁵,

270 2158 343 2232 Sapo
358 2158 446 2211 decem
460 2170 544 2208 tortos
558 2157 654 2209 :modo
666 2172 736 2229 reges
746 2166 820 2224 atquo
830 2151 982 2219 tetrarchas,

271 2243 365 2297 Omnia
376 2262 469 2315 magna
476 2280 484 2308 ,
495 2242 602 2314 loquens
614 2259 621 2295 t
632 2241 709 2295 modo
720 2264 734 2289 a
746 2241 786 2295 Sit
796 2240 862 2298 mibi
871 2241 1060 2316 mensatriper‚
1074 2256 1099 2295 et

273 2324 378 2379 Concha
388 2323 447 2375 salis
459 2322 528 2395 puri,
543 2334 566 2376 et
578 2336 637 2393 toga
650 2343 706 2393 quta
717 2323 853 2377 defendere
862 2324 961 2397 frigus,

273 2410 398 2479 Quamvis
411 2426 505 2471 crassa,
519 2406 608 2479 queat!
622 2403 775 2461 o-Doeies
786 2422 891 2461 centena
905 2410 1014 2463 dedisses

273 2496 342 2549 Huic
354 2514 445 2569 parco,
458 2496 543 2566 paucis
556 2506 689 2561 contanto;
700 2494 814 2564 quinque
824 2492 913 2547 diebos

275 2581 322 2634 Nil
333 2590 387 2635 erat
398 2581 427 2633 in
440 2578 542 2633 loculis.
551 2614 575 2632 ..

107 2750 236 2817 Omnes
261 2748 317 2815 isti
336 2747 420 2815 tales
445 2760 546 2829 eunt,
566 2743 700 2837 qualem
721 2744 816 2811 bunc
836 2743 1001 2811 describit
1023 2746 1183 2814 Horatius
1208 2764 1238 2797 ²²
1277 2807 1278 2810 ,

106 3000 139 3053 td
152 3018 180 3053 se
195 2998 280 3064 ducit,
292 3018 346 3051 non
359 2997 452 3071 impetu
464 2994 535 3068 rapit.
546 2993 620 3062 Lips.
669 2993 1184 3065 renuamusantiqnazosrendebatqoa·

142 3099 163 3131 ι.
175 3075 325 3147 Quocirca
338 3088 406 3129 stant.
417 3074 461 3128 Sic
471 3093 517 3127 ros.
527 3094 554 3125 a.
562 3092 621 3125 curta
669 3080 734 3129 litas
752 3080 874 3130 veritatis
888 3096 965 3131 venat
978 3088 1050 3131 tenor
1058 3099 1140 3148 perm-
1149 3104 1183 3119 -··

107 3154 147 3207 ed
158 3154 196 3206 R.
211 3167 237 3207 et
247 3154 295 3207 boe
303 3153 363 3206 satis
371 3166 430 3207 erat.
441 3150 516 3205 Goni.
526 3164 580 3203 not.
589 3148 621 3203 ad
669 3154 840 3224 AEquatttos.
849 3155 908 3225 ets
917 3175 947 3209 ra
955 3157 1099 3211 :sostendit
1110 3160 1180 3213 illam

107 3232 155 3306 Ep.
166 3250 202 3287 111
220 3236 255 3305 (p.
267 3234 308 3299 57,
316 3243 368 3283 not.
376 3232 392 3296 4
400 3228 475 3302 bujus
484 3230 535 3293 ed.)
553 3226 622 3298 Qut!
669 3232 743 3285 nobis
754 3233 817 3285 ordo
829 3233 882 3306 ejus
893 3247 917 3286 et
930 3234 1015 3303 decor,
1027 3248 1053 3288 et
1061 3250 1185 3291 constan·-

106 3317 175 3364 ce'rea
183 3328 217 3363 se
227 3321 288 3363 sunt
296 3330 339 3363 nto
346 3327 367 3361 c.
375 3322 398 3362 et
406 3308 446 3362 ed.
452 3310 487 3361 A·
498 3308 565 3379 Qttoe
573 3310 622 3359 εἰν·
670 3312 745 3381 tia‚}et
752 3312 867 3366 omnium
879 3314 1112 3369 internuntiorum
1122 3338 1184 3371 con-

107 3408 138 3441 ca
148 3394 241 3459 ipsun
252 3400 314 3441 sunt
323 3388 362 3441 ed.
373 3388 416 3439 Er.
427 3399 451 3439 ct
461 3406 527 3459 seqq·
541 3384 621 3439 Sabor.
671 3388 770 3455 cordia,
782 3402 829 3443 etc.
840 3412 854 3438 a
864 3390 957 3445 Boot.

140 3486 164 3519 a.
182 3466 369 3533 AEpualr'tat?
393 3464 423 3515 V
420 3470 459 3518 ert
479 3476 551 3517 tenor
566 3482 624 3532 per·
704 3466 729 3521 3.
739 3468 876 3521 Contentus
885 3472 989 3525 vilibus.
999 3470 1042 3524 Sic
1052 3470 1185 3524 commode

108 3555 214 3607 monet,
225 3544 305 3613 salsa
319 3564 370 3597 non
386 3546 492 3597 durant.
507 3543 570 3597 Hac
589 3558 625 3597 est
673 3566 699 3597 a.
709 3545 1011 3601 cltlttctittbmdsA.
1021 3551 1080 3602 Vita·
1090 3549 1129 3601 cd.
1139 3550 1184 3601 Er.

109 3622 241 3677 Gronovii
261 3622 420 3693 conjectura,
441 3640 517 3692 quarn
540 3638 624 3673 reram
675 3636 699 3677 et
712 3644 780 3696 seqq,
792 3624 874 3682 δώῃ),

109 3700 248 3753 lectionem
265 3698 354 3753 babeo.
366 3700 593 3766 Erasmuttutique
603 3700 627 3750 ai
705 3704 730 3768 4.
747 3702 829 3755 Modo
842 3702 972 3757 stastum
984 3706 1090 3757 divitiis.
1106 3702 1148 3755 Sin
1164 3722 1185 3755 c,

109 3777 186 3837 banc,
198 3788 230 3832 rot
238 3779 311 3839 dixi,
320 3778 527 3844 pinguitudinem
536 3795 626 3829 veruna
673 3780 709 3831 A.
720 3780 793 3833 Piae.
801 3780 856 3833 Pat.
866 3782 882 3833 3
891 3796 915 3833 et
925 3782 981 3835 Coi.
994 3783 1125 3854 Perperam
1133 3781 1159 3833 b.
1168 3781 1186 3837 Ι.

109 3873 166 3907 erre
177 3856 339 3907 ostendebat.
354 3852 501 3925 Qualitatr's
513 3873 581 3907 verce
590 3866 626 3907 te·
673 3856 769 3911 Linrmr
776 3878 804 3911 a.
813 3871 837 3911 et
845 3861 880 3913 R.
888 3858 999 3913 Lucium
1010 3860 1136 3911 Crassum
1145 3858 1186 3911 ed.

110 3945 372 4004 nonpermanet.etc.
384 3932 626 4007 Cotidpttdaitndap.
675 3938 741 3990 Van.
760 3948 784 3989 εἰ
803 3936 846 3988 Er.
865 3936 985 3991 lt'cr'num
1002 3937 1043 3990 ed.
1058 3938 1150 3989 Mutet.
1163 3951 1187 3987 et

111 4012 219 4066 Gruter.
236 4011 363 4083 Qualitas
373 4032 434 4066 uera
448 4023 549 4079 tenera,
564 4012 629 4065 alius
677 4032 745 4083 seqq.
758 4012 840 4065 Scbw.

111 4093 233 4159 qualitas
242 4110 303 4142 vero
316 4101 394 4152 tenet,
406 4090 561 4158 alius‚qaas
570 4110 630 4143 vero
710 4094 733 4143 5.
747 4090 887 4144 Ducentos.
903 4093 998 4145 Versus
1014 4104 1073 4145 sunt
1089 4091 1189 4144 Horatii

111 4176 196 4233 tener,
209 4167 287 4235 alins,
301 4172 419 4237 qualitor
431 4187 488 4221 nere
497 4178 573 4221 tenor.
583 4167 632 4220 Pa·
679 4169 762 4221 Serm-
776 4171 801 4233 l,
823 4170 853 4233 3,
870 4191 896 4223 ιι
914 4190 951 4241 aq.
965 4171 993 4222 in
1009 4171 1089 4222 Marc.
1096 4167 1190 4241 Tigel-

112 4244 157 4297 lat.
175 4257 234 4297 tert.
244 4244 394 4299 ostendebat
407 4248 533 4315 qualitas.
545 4248 630 4299 Verus
677 4248 742 4299 lium
758 4248 964 4321 Hermogenem,
980 4248 1104 4299 moricum
1118 4246 1190 4319 peri-
