2950 4934
221 455 472 526 rnrsron
495 457 747 528 srorcon.
774 457 872 527 mn.
898 461 925 526 1.
1043 465 1111 556 ⁵09

48 621 100 657 uec⁴
109 599 202 658 minor
217 609 346 680 potestas*
358 620 457 659 eorum
469 601 500 659 in
516 601 654 674 minutis,
668 623 756 681 mam
773 603 803 661 in
814 603 924 683 mugnis
936 624 946 662 s
956 623 1055 684 ιιοφιο-
1065 605 1112 664 in-

46 707 127 786 digna
141 706 227 766 ctiam
241 707 388 785 majestate
403 707 517 768 illorum
531 707 591 766 bac
607 729 691 772 euro..
702 708 766 770 lmo
777 708 929 772 eamvelut
943 710 1062 792 gtndum
1075 713 1113 774 ad
1127 712 1133 730 ⁸

46 814 147 891 majora
170 812 220 870 illa
244 811 361 872 babent.
374 838 389 866 s
411 812 542 895 Optime,
564 828 594 874 et
608 815 686 874 varia
703 837 736 874 ae
758 815 853 876 valida
872 816 944 876 rado
966 817 995 876 in
1014 819 1113 898 paucis

48 919 145 978 verbis.
162 918 264 999 ltaque
277 920 355 1000 apud
370 919 538 980 Ciceronem
551 917 620 1001 (ΙΙΙ
633 919 679 980 De
695 920 795 981 Natus.
809 920 919 1003 Deor.)
933 921 1026 984 Stoice
1039 925 1114 984 diei·-

47 1037 109 1084 tur:
123 1051 138 1078 ι
148 1025 214 1085 Non
226 1025 362 1086 universo
375 1028 475 1110 generi
488 1027 637 1087 bominum
650 1028 761 1100 solum,
776 1027 829 1088 aed
844 1029 929 1090 utinm
943 1030 1079 1113 singulis,
1096 1053 1113 1092 a

46 1131 104 1190 Diis
118 1132 327 1193 immortalibus
340 1133 452 1192 consuli
463 1155 496 1192 ae
510 1133 692 1214 provideri.»
707 1133 785 1209 Quid
799 1133 961 1194 bominibus
976 1137 1113 1219 singulis?

45 1239 126 1297 immo
135 1239 316 1310 animalibus,
324 1239 413 1298 immo
424 1239 601 1299 animalculis
610 1252 640 1299 ct
649 1240 781 1300 insectis:
795 1253 822 1301 et
833 1239 919 1300 iidem
927 1241 1018 1326 Stoici
1022 1242 1112 1324 (idem

46 1342 140 1403 Cicero
152 1344 184 1402 ΙΙ
198 1342 313 1426 dead.)
334 1342 413 1404 «Dei
433 1345 610 1423 majestatem
631 1367 723 1426 usque
745 1345 782 1406 ad
800 1339 898 1428 apium
914 1345 1112 1409 formicarum-

45 1471 95 1528 que
109 1449 315 1531 pcrieetionem
330 1449 489 1510 deducunt.
505 1477 520 1504 a
537 1451 567 1512 si
582 1450 806 1532 perlectionem,
824 1455 909 1514 etiam
923 1456 1109 1516 curationem.

45 1554 115 1616 lleue
136 1570 167 1618 et
188 1556 242 1616 boe
262 1557 461 1616 Damascenus.
477 1580 485 1615 a
502 1584 517 1612 o
531 1556 713 1618 Providentia
728 1571 771 1618 est
791 1558 888 1618 divina
907 1562 1035 1620 voluntas
1051 1563 1111 1622 sive

44 1664 195 1737 sententia,
210 1685 264 1744 per
274 1684 360 1744 quam
374 1663 470 1723 omnia
484 1683 548 1744 qun
563 1675 630 1723 sunt
639 1665 859 1724 convenientem
875 1665 1005 1730 ordinem
1020 1681 1048 1729 et
1063 1691 1112 1730 ro-

43 1769 131 1850 gimen
145 1769 263 1828 habent.
279 1795 294 1820 ι
310 1767 441 1848 Itemque
455 1768 667 1829 Alexandrinus
681 1770 730 1829 ille
746 1769 879 1830 Clemens
893 1794 901 1828 r
918 1795 932 1824 u
946 1769 998 1832 Est
1011 1749 1112 1838 Prori-

43 1871 132 1934 dentia
147 1875 281 1956 privatim
295 1886 324 1933 et
337 1874 468 1957 publice,
488 1885 517 1934 et
531 1874 649 1955 ubique.
665 1902 679 1928 υ
695 1873 750 1935 Est
770 1887 800 1936 et
816 1877 846 1935 in
866 1877 976 1936 actibus
991 1879 1109 1962 singulis

43 1981 229 2062 amplorum,
244 1992 278 2040 ut
293 1979 455 2040 Lactantius
471 1978 530 2062 (De
547 1979 613 2054 Ira,
629 2003 656 2041 c.
675 1979 724 2064 17)
737 2005 746 2041 a
761 2007 775 2036 o
787 1981 874 2048 Curat
894 1983 1041 2044 hominum
1061 1989 1109 2046 vi-

42 2097 94 2144 tam
106 2086 204 2160 Dens,
220 2107 254 2146 ae
265 2086 442 2169 singulorum
457 2097 537 2146 aetus
550 2085 760 2153 animadvertit.
775 2113 789 2141 n
810 2087 913 2149 Nonne
936 2090 1031 2170 ipsum
1053 2093 1107 2152 hoc

44 2205 95 2266 est,
107 2192 183 2275 quod
194 2215 283 2275 supra
291 2205 394 2253 nostre
404 2191 667 2276 partisEpieteurs,
682 2221 695 2248 a
705 2194 765 2267 Te,
776 2194 872 2269 Deus,
883 2217 936 2256 nee
945 2199 974 2256 in
988 2200 1108 2258 minimo

43 2297 122 2359 lullo?
131 2326 146 2353 s
161 2301 257 2381 Atque
265 2299 324 2360 bne
334 2321 423 2381 quum
434 2301 474 2359 ita
483 2299 607 2360 babeant
618 2343 626 2374 ,
638 2301 755 2382 quidam
767 2301 897 2362 Furtumne
911 2305 1007 2363 omnin
1018 2317 1108 2366 trans·

42 2407 159 2466 scribunt
171 2431 180 2466 a
194 2433 209 2461 α
218 2428 312 2489 neque
327 2407 406 2481 hee,
422 2407 463 2466 ait
474 2407 583 2467 Seneca
597 2406 634 2489 (l
644 2407 750 2482 Quaest.
767 2409 797 2467 in
815 2409 897 2471 Prael.
906 2408 935 2491 ),
953 2413 1027 2474 intra
1039 2415 1107 2474 vul·

42 2533 102 2591 gum
114 2512 259 2573 dementia
273 2524 333 2587 est,
344 2511 396 2573 sed
405 2511 580 2594 Sapientiam
590 2535 705 2594 qnoque
721 2513 863 2594 professos
873 2518 1021 2600 contingit.
1034 2519 1107 2580 Sunt

42 2617 110 2677 enirn
127 2621 178 2700 qui
191 2631 318 2700 putent,
339 2620 394 2679 sibi
407 2619 478 2700 ipsis
491 2620 619 2693 animum
634 2639 711 2693 esse,
730 2631 758 2679 et
777 2620 894 2702 quidem
906 2623 1058 2701 providum
1071 2649 1105 2686 ac

41 2719 243 2802 dispensantem
258 2723 388 2806 singula,
405 2736 434 2783 et
448 2744 499 2782 sna
514 2735 543 2783 et
555 2724 649 2784 aliena
661 2748 670 2783 a
683 2724 737 2783 hoc
753 2737 847 2784 autern
865 2725 1057 2802 Universum,
1073 2732 1103 2798 in

40 2848 91 2906 quo
101 2851 153 2889 nos
167 2851 284 2912 quoque
296 2851 413 2904 sumus,
436 2851 538 2913 expers
554 2851 616 2890 esse
632 2831 761 2905 consilii,
778 2843 806 2890 et
824 2844 875 2892 aut
889 2832 958 2893 lerri
973 2835 1104 2898 Temeri-

40 2946 89 2994 tate
103 2938 245 3018 quadam,
262 2949 312 2996 aut
330 2932 439 2998 Naum
457 2939 603 2996 nesciente
624 2937 695 3018 quid
711 2937 805 2997 faciat.
819 2964 833 2992 n
849 2938 954 2999 Errant
970 2939 1017 3000 bic
1031 2964 1103 3024 pro-

39 3039 119 3115 lecto,
133 3045 174 3103 mi
191 3042 317 3116 Seneca,
336 3043 421 3102 etiarn
436 3028 603 3126 sapientiam
614 3042 734 3125 professi
747 3067 755 3102 ε
770 3065 822 3104 nec
835 3041 976 3127 Epicurus
989 3047 1037 3107 ille
1051 3070 1102 3108 so-

38 3147 105 3221 lum,
119 3152 200 3231 cujus
215 3161 282 3209 nota
296 3149 414 3223 deliria,
432 3161 461 3210 et
475 3151 525 3231 qui
540 3139 577 3209 de
592 3143 678 3210 Beata
689 3151 737 3209 illa
748 3151 855 3210 Natum
870 3149 996 3232 profatur
1008 3177 1017 3212 a

192 3312 329 3364 Immortali
338 3330 390 3364 aro
399 3350 407 3375 ‚
416 3331 511 3364 murana
521 3331 578 3367 cum
587 3331 647 3382 pace
657 3313 759 3377 unua,

193 3405 295 3454 Senaota
303 3421 317 3454 a
327 3404 415 3454 nostris
423 3404 509 3468 rebus,
521 3405 678 3475 sejunctaque
688 3405 777 3473 longe5

34 3551 110 3636 longe
124 3567 249 3628 semota,
266 3568 351 3636 atque
367 3553 439 3614 adeo
454 3565 535 3627 extra
548 3554 691 3614 Mundum
704 3556 790 3615 etiam
805 3559 940 3639 prujceta.
958 3561 1022 3620 Non
1034 3557 1097 3635 ille,

33 3657 158 3740 inpnm,
170 3661 264 3721 solum
276 3683 285 3719 a
298 3659 349 3720 scd
359 3659 437 3741 quod
446 3661 595 3734 miremur,
606 3658 726 3733 Plinius,
737 3661 786 3721 ille
798 3663 827 3722 in
838 3664 981 3746 plerisque
991 3665 1100 3726 Stoicus

32 3787 186 3844 germanus.
207 3769 246 3828 At
263 3767 311 3826 bic
329 3788 416 3849 mam
430 3765 604 3849 degenerat:
619 3792 633 3819 κ
643 3766 842 3841 haldendum,
854 3771 948 3852 inquit
957 3767 1034 3852 (Lib.
1047 3771 1098 3848 ΙΙ,

32 3893 88 3953 esp.
102 3872 147 3956 7),
163 3895 250 3956 agere
263 3896 361 3934 curam
376 3895 472 3933 rerum
485 3872 675 3932 bumanorum
685 3874 774 3947 illud,
790 3875 932 3956 quidquid
942 3890 1000 3952 est,
1012 3877 1099 3939 Sum-

31 4000 112 4040 mum.
129 4008 143 4034 n
159 3980 200 4041 Et
216 4002 330 4040 causam
346 3980 427 4040 addit
441 4003 451 4038 a
469 4007 483 4033 a
494 3980 540 4040 An
556 3992 614 4039 tam
635 3981 708 4040 tristi
727 3993 814 4061 atque
839 3982 989 4064 multiplici
1005 3987 1097 4044 mini-

31 4089 108 4146 sterio
119 4111 177 4150 non
188 4087 279 4170 pollui
293 4087 459 4161 credamus,
475 4086 693 4147 dubitemusne?
704 4114 718 4140 a
732 4087 775 4146 Ne
787 4087 949 4150 dubitemus
960 4091 1092 4174 quidem,

31 4188 112 4269 Plini,
128 4194 204 4256 adeo
218 4217 276 4254 non
290 4193 450 4254 credamus.
468 4192 544 4266 Quid
559 4194 635 4254 enirn
652 4215 769 4270 censes,
784 4194 909 4257 humano
925 4219 1004 4258 more
1019 4220 1094 4281 quo·
