2950 4934
290 454 356 523 300
600 458 642 525 L.
667 452 841 523 ANNAEI
865 452 1081 525 SENECAE

287 607 413 676 quum,
426 580 511 675 quid
525 582 615 651 inter
625 584 833 676 Sapientiam
844 600 880 653 et
891 608 1010 678 sapere
1022 585 1176 668 intersit,
1193 582 1367 669 didicero,

286 698 439 793 sapiam?
455 698 525 768 Cur
539 723 622 793 ergo
636 700 750 793 potius
766 700 857 768 inter
871 699 1040 771 vocabulo
1051 724 1107 770 me
1119 702 1300 795 snpientiae
1311 700 1371 771 de-

287 816 393 901 tines,
410 838 512 907 quam
525 816 616 883 inter
629 839 733 911 opera
744 816 760 885 i
773 816 843 885 Fac
860 840 913 884 me
930 816 1125 898 fortiorem,
1147 816 1201 886 inc
1215 817 1369 885 securio-

287 952 359 995 rem
369 932 394 1012 ¹,
410 927 463 996 sac
472 927 615 997 fortunae
629 951 765 1022 parem,
779 926 833 998 fue
843 924 1076 1024 superiorem!
1095 930 1237 998 Possum
1250 944 1366 998 autem

287 1043 550 1137 superiorem,
565 1044 594 1111 si
612 1042 710 1137 [isto]
727 1041 886 1113 direxero
896 1068 997 1113 omne
1009 1042 1104 1138 quod
1117 1044 1212 1115 disoo
1222 1050 1250 1113 ².
1264 1046 1363 1115 Vale.

286 1280 361 1333 nobis
373 1291 463 1334 nature
480 1292 578 1353 tempus
589 1278 675 1346 dedit,
690 1290 719 1333 ut
734 1278 801 1333 nihil
849 1280 895 1333 Er·
907 1281 942 1334 Si
951 1283 1036 1336 duim
1047 1282 1104 1347 (sie)
1116 1280 1158 1335 ed.
1176 1280 1211 1335 R.
1227 1281 1262 1334 Si
1271 1283 1368 1337 dtoeem

285 1370 358 1413 vetet
370 1380 399 1411 er
410 1358 456 1412 iiio
467 1359 580 1433 perdere.
853 1361 893 1414 ed.
901 1360 969 1415 Ven·
979 1363 1108 1422 etErtsm.
1117 1381 1176 1416 enm
1186 1361 1243 1415 1¹21.
1257 1364 1366 1427 r,2,4‚

321 1458 343 1489 ι.
353 1435 413 1490 Fac
428 1438 587 1491 securiorem.
596 1434 683 1509 Vulgo
691 1434 744 1508 sac
759 1452 801 1487 me
850 1438 910 1491 Coi.
924 1439 1049 1510 Se'secero
1059 1444 1104 1494 vel
1114 1442 1212 1494 dixero
1228 1439 1269 1493 ed.
1285 1440 1325 1492 A.
1340 1442 1367 1493 S.

285 1531 364 1565 secur.
376 1512 462 1565 invitis
475 1511 547 1565 libris
557 1512 657 1565 nostris.
669 1510 753 1567 δῶν.
847 1516 975 1570 -Editio
984 1518 1077 1592 prisea:
1088 1518 1253 1588 siseremvel
1259 1519 1369 1571 direxe-

319 1610 343 1642 s.
353 1590 386 1643 Si
404 1592 489 1659 [isto]
502 1592 620 1644 direxero
633 1611 709 1645 omne
729 1592 802 1662 quod
848 1594 994 1671 tuiipsius
1003 1594 1366 1654 emrdstss’vixmdiudk.

284 1669 362 1721 disco.
375 1667 418 1720 sie
429 1690 457 1720 a.
468 1690 490 1723 c.
503 1668 559 1721 Pal.
572 1668 604 1735 3,
620 1682 645 1721 et
660 1669 734 1723 Pire.
748 1670 799 1723 nisi
848 1674 941 1726 -lnt
948 1672 1063 1727 Fortuna
1072 1671 1272 1748 superiorfiern¹
1283 1672 1306 1725 si
1317 1672 1366 1725 isto

285 1745 360 1815 quod
369 1744 488 1799 omittant
497 1766 587 1799 vocem
603 1750 669 1813 isto,
683 1766 762 1817 qusm
773 1768 802 1801 ex
849 1771 953 1804 ornnem
964 1752 1127 1826 disciplinam
1136 1750 1271 1819 direxero,
1284 1763 1314 1803 nt
1327 1750 1367 1803 ssli

283 1825 389 1897 conject.
397 1825 486 1898 adjeci.
497 1824 583 1898 Volgo
590 1828 617 1879 si
614 1826 705 1899 secem
715 1848 745 1881 ex
756 1846 802 1881 orn
850 1830 966 1905 superior
976 1827 1048 1883 firm.

545 2226 865 2317 EPISTOLA
895 2226 1117 2317 cxvlu.

762 2464 899 2491 ..-

668 2704 752 2759 orio
769 2705 824 2747 sn·
839 2691 977 2749 soron?

315 2808 431 2881 Exigenti
441 2827 457 2860 e
471 2807 568 2861 Seneca
581 2806 763 2879 frequentiores
774 2808 892 2883 epistolas
906 2808 990 2863 emico
1005 2806 1158 2881 respondet,
1169 2823 1196 2859 se
1206 2805 1259 2860 hoe
1270 2824 1362 2859 nunus

281 2894 401 2969 defugere
412 2892 480 2947 noiie
490 2934 497 2957 ,
509 2893 569 2947 lieet
579 2892 621 2946 ille
630 2914 645 2946 a
653 2893 784 2967 promissis
796 2913 850 2947 non
860 2894 971 2960 steterit,
982 2907 1007 2947 et
1015 2892 1200 2966 frequentiores
1206 2890 1362 2955 missurum,

284 3000 337 3032 non
353 2980 460 3047 inanes,
475 2980 562 3051 quales
579 2978 710 3032 Ciceronis
723 2980 812 3033 multte
829 2979 882 3033 sint
892 3017 901 3045 ,
912 2980 956 3033 sed
967 2979 1124 3034 monitorum
1136 2978 1241 3032 utilium
1254 2976 1360 3039 uberes,

283 3078 360 3135 etque
370 3087 416 3120 sus
425 3066 509 3139 potius
522 3086 598 3139 quem
613 3064 695 3119 aliena
709 3078 850 3119 nectentes,
868 3065 967 3121 ideireo
980 3066 1086 3133 studet,
1099 3086 1114 3119 e
1126 3067 1231 3118 fortune
1241 3064 1310 3117 nihil
1318 3084 1362 3139 pe·

282 3164 351 3218 tere,
364 3171 410 3205 nee
422 3151 454 3204 sb
472 3171 502 3203 ss
518 3150 628 3226 pendere
640 3187 649 3215 ‚
661 3149 705 3203 sed
717 3150 841 3223 privatsm
852 3152 934 3205 secere
946 3154 1084 3205 fortunam.
1095 3152 1164 3203 Nem
1174 3149 1221 3221 qni
1229 3169 1245 3202 t
1260 3150 1362 3203 fortun

282 3236 394 3307 pendent
404 3274 412 3299 ‚
424 3256 468 3311 per
481 3236 546 3289 rnsla
559 3236 674 3289 nituntur
684 3236 711 3289 in
722 3237 818 3289 maium
829 3276 837 3305 ,
851 3237 997 3311 ignorantie
1006 3235 1060 3289 veri
1071 3247 1096 3290 et
1104 3235 1176 3290 honi.
1184 3233 1361 3306 Querendnns

282 3323 366 3393 itaque
379 3335 431 3387 est,
444 3322 505 3394 quid
518 3322 549 3376 sit
559 3322 674 3391 bonurn,
685 3320 757 3394 quod
768 3322 833 3375 alins
843 3322 893 3377 elio
900 3323 979 3376 modo
988 3318 1129 3375 finiverunt
1138 3333 1163 3375 et
1172 3334 1360 3393 expresserunt,

283 3420 308 3459 et
319 3406 381 3477 quid
392 3407 424 3459 sb
434 3407 540 3460 honesto
551 3406 757 3461 distentoriae
764 3406 862 3459 boum
872 3408 1014 3462 ucnndm
1027 3416 1144 3459 murem
1155 3418 1208 3473 est,
1220 3418 1360 3459 neetsmeo

282 3489 407 3559 quidquid
419 3490 559 3545 seeundum
570 3502 685 3543 ostursns
698 3502 734 3543 est
744 3489 850 3541 Mauso.

569 3674 680 3711 “HM
697 3673 826 3711 tectulo
845 3671 902 3710 1ΰο
919 3671 1066 3709 uldin!-

330 3810 447 3877 Exrnrs
463 3832 483 3876 a
497 3832 551 3877 me
569 3807 820 3902 frequentiores
835 3804 1008 3901 epistolae.
1020 3804 1182 3875 Rationes
1194 3804 1361 3874 consera-

283 3923 402 3993 mus¹!
432 3922 594 3994 solvendo
614 3949 681 3993 non
704 3925 784 3992 erit.
813 3925 1029 3993 Convenerat
1054 3920 1215 4015 quidem,
1242 3937 1283 3989 ut
1301 3936 1359 3989 tun

319 4162 339 4195 s.
353 4141 481 4195 Rationes
494 4140 671 4207 conseramus!
685 4139 793 4195 Solven—
844 4140 1003 4210 Zagrum:
1017 4140 1156 4209 Complosis
1174 4139 1318 4203 mardie,
1334 4150 1363 4191 et

283 4222 317 4273 do
327 4240 377 4273 nors
385 4224 435 4274 eris
448 4221 546 4294 (supple
558 4222 627 4289 per).
637 4220 708 4275 Bene
720 4220 796 4274 vertit
844 4238 909 4273 vous
922 4238 987 4273 vous
998 4227 1128 4273 trouoem
1140 4217 1291 4301 siswlvoble.
