2950 4934
321 490 388 582 ⁴7⁰
611 483 825 556 sunnon
848 483 916 550 ET
941 483 1104 551 raum

364 641 381 667 »ι
395 609 466 674 Une
481 624 567 675 autre
581 611 731 694 objection
752 609 823 673 bien
845 608 913 696 plus
933 629 1025 693 grave
1046 621 1119 693 peut
1133 608 1197 671 dtre
1216 605 1294 670 tinec
1309 607 1388 671 dela

321 718 525 781 circonstance
539 738 597 798 que
612 715 643 778 la
658 717 780 801 plupsrt
792 718 844 779 des
854 734 1002 799 ouvrages
1015 717 1053 777 de
1067 711 1205 796 Se'ndqne
1218 727 1272 777 ont
1284 719 1331 778 έιὲ
1341 720 1389 780 rte

319 823 402 905 <liges
418 836 509 884 avant
522 821 659 884 l’arrivee
670 825 708 885 de
723 814 801 885 saint
811 819 887 884 Paul
900 823 918 883 d
932 819 1043 883 Rome.
1055 816 1107 883 On
1119 819 1303 884 trancberait
1316 833 1390 882 cette

320 927 464 991 difficulte
481 950 520 990 en
536 930 678 1011 adoptant
693 928 723 992 le
737 925 835 991 'ealcul
851 929 889 990 de
905 927 1049 1010 quelques
1064 947 1190 1004 sarens,
1207 925 1326 1009 d’aprds
1342 926 1389 988 le-

321 1035 391 1118 quel
401 1033 479 1096 ssint
491 1031 565 1096 Paul
576 1033 743 1120 lutenvoye
755 1038 773 1096 d
787 1033 888 1097 Rome
903 1036 955 1097 dds
967 1033 1026 1110 56,
1042 1036 1118 1097 deur
1133 1055 1187 1096 uns
1198 1021 1287 1117 apris
1297 1032 1391 1094 l'ave-

320 1154 445 1202 nement
454 1142 492 1202 de
504 1139 622 1202 Neron.
637 1139 718 1202 Mais
731 1186 740 1217 ,
757 1161 825 1203 sans
836 1140 972 1204 reeourir
984 1142 1003 1202 d
1016 1153 1064 1203 cet
1077 1140 1257 1224 expedient,
1272 1159 1311 1200 on
1323 1151 1391 1221 peut

319 1247 396 1309 faire
406 1248 552 1310 observer
561 1268 619 1329 que
629 1247 673 1308 les
683 1245 920 1309 ressemblanees
931 1266 1005 1308 avec
1013 1245 1057 1307 les
1066 1244 1257 1329 expressions
1267 1243 1304 1307 de
1317 1243 1391 1306 saint

321 1349 398 1414 Paul
410 1365 440 1415 et
452 1353 504 1414 des
519 1365 619 1414 autres
636 1352 783 1414 eerivsins
799 1355 900 1416 sacres
915 1371 952 1412 ne
969 1371 1002 1413 se
1015 1363 1156 1413 trouvent
1171 1349 1391 1430 lleqnemment

321 1481 380 1541 que
395 1462 470 1522 dans
487 1459 532 1521 les
544 1460 680 1521 derniers
699 1479 847 1543 ouvrages
861 1461 897 1520 de
912 1455 1072 1539 Sendque,
1092 1459 1165 1520 dans
1182 1479 1239 1519 son
1254 1456 1343 1518 traite
1355 1457 1391 1518 de

322 1566 352 1628 la
366 1566 428 1628 Ἧι
440 1567 588 1629 beureose
601 1611 610 1640 ,
623 1568 697 1628 dans
710 1564 789 1628 celui
803 1567 855 1627 des
869 1564 1034 1642 Bienlaits,
1051 1565 1102 1646 qui
1115 1577 1182 1628 tous
1195 1564 1240 1626 les
1252 1565 1331 1625 deux
1342 1575 1390 1625 ont

321 1679 369 1736 έιέ
390 1674 509 1758 rediges
529 1677 618 1758 apres
637 1672 698 1736 l’an
713 1670 750 1733 61
767 1719 775 1750 ,
792 1686 822 1735 et
843 1683 958 1734 surtout
976 1673 1049 1733 dans
1066 1693 1116 1734 ses
1132 1668 1270 1748 Lettres,
1286 1669 1391 1733 ecrites

320 1783 452 1862 pendant
465 1779 495 1841 la
509 1779 647 1843 deruitre
661 1786 778 1863 epoque
793 1780 831 1848 de
848 1799 880 1840 sa
896 1777 945 1839 vie
959 1791 977 1837 ¹.
994 1805 1008 1830 »ι

362 1908 516 1993 Quidquid
523 1913 561 1974 de
572 1911 626 1973 illo
637 1912 700 1990 sive
711 1910 858 1986 amicitiae,
869 1909 932 1988 sive
942 1907 1161 1992 Epistolarum,
1174 1910 1256 1990 qnod
1264 1905 1390 1970 Paulum

321 2021 399 2081 inter
426 2032 456 2081 et
481 2017 629 2081 Senecam
651 2016 821 2088 interfuisse
840 2014 968 2092 dieitur,
993 2015 1180 2078 commercio
1205 2015 1391 2096 sentiendmn

321 2125 381 2202 sit,
398 2123 523 2186 minime
547 2122 742 2184 dubitandum
757 2133 802 2194 est
820 2119 892 2202 quin
905 2119 964 2186 illae
975 2142 1040 2201 quae
1055 2141 1134 2182 nunc
1150 2134 1310 2184 servantur
1327 2121 1391 2204 epi-,

320 2230 403 2293 stolae
417 2249 480 2291 non
494 2251 536 2291 eae
553 2229 612 2290 sint
628 2249 701 2310 quas
715 2228 794 2288 inter
807 2247 839 2287 se
853 2226 1053 2309 seripserunt,
1067 2226 1093 2286 si
1109 2247 1184 2306 quas
1195 2247 1306 2289 revera
1319 2227 1391 2290 seri·

320 2336 466 2420 pserint’.
481 2332 649 2397 Audiamus
674 2331 839 2406 Erasmum
860 2333 898 2392 de
924 2331 975 2408 iis,
1001 2329 1105 2412 quales
1120 2352 1200 2394 nune
1222 2331 1388 2410 babemus,
1461 2395 1462 2410 ,

318 2441 504 2526 praesentem.
1461 2417 1462 2424 ἵ

362 2606 375 2630 ιι
387 2576 446 2639 llis
459 2576 595 2662 epistolis
603 2595 664 2650 non
673 2575 760 2636 video
773 2573 845 2654 quid
855 2571 926 2658 fingi
937 2573 1175 2657 possitlrigidius
1186 2587 1238 2640 aut
1246 2574 1389 2658 ineptius,
1461 2609 1462 2644 ι

321 2695 352 2764 et
373 2696 474 2745 umen
498 2683 631 2768 quisquis
646 2680 702 2741 suit
720 2692 846 2752 auctor,
862 2678 922 2743 boe
935 2680 1018 2764 egit,
1038 2693 1072 2740 ut
1090 2679 1179 2741 nobis
1199 2681 1393 2763 persuaderet

320 2787 470 2851 Senecam
493 2787 584 2850 luisse
604 2785 820 2861 Christianum.
842 2785 941 2848 Divus
962 2783 1168 2872 Hieronymus
1185 2806 1248 2848 non
1271 2787 1391 2870 ignarus

321 2895 382 2956 suci
394 2940 403 2971 ,
416 2894 526 2955 abusus
544 2905 589 2954 est
606 2891 789 2973 simplicium
801 2891 996 2968 credulitate,
1017 2905 1049 2969 ut
1064 2889 1186 2954 Senecae
1200 2893 1298 2955 libros
1313 2893 1391 2956 lectu

320 3022 390 3063 cum
409 2999 516 3082 primis
534 2997 640 3080 dignos
656 2998 885 3072 commendaret
903 2995 1084 3060 Christianis
1093 2995 1115 3073 ³,
1136 2997 1186 3079 qui
1202 3011 1311 3080 tamen·
1322 3019 1391 3060 ma-

1461 2723 1462 2754 l

354 3195 363 3223 ¹
377 3190 502 3244 Ceterum
514 3187 584 3240 illius
596 3186 771 3258 similitudinis
782 3205 856 3238 causa
865 3205 918 3239 esse
930 3199 1012 3258 posset
1022 3207 1139 3259 quoque,
1153 3187 1220 3258 quod
1234 3188 1328 3241 Paulus
1340 3189 1391 3241 Se·

323 3293 413 3327 nesam
427 3273 518 3344 legerit
528 3284 552 3324 et
562 3272 674 3325 imitetus
685 3271 762 3324 liserit
771 3307 778 3336 ,
787 3283 814 3324 ut
824 3269 898 3342 paulo
909 3283 963 3343 post
976 3271 1011 3321 Ι).
1023 3271 1137 3340 lustinus
1151 3271 1247 3342 aliique
1257 3272 1390 3326 Platonem
1461 3341 1462 3408 1

320 3370 378 3411 snut
390 3356 476 3412 wenti.

351 3443 399 3494 ²1.
410 3439 511 3514 Lipsius
525 3440 663 3512 suspicatur
675 3439 736 3492 alias
746 3438 821 3492 luisse
833 3437 936 3494 Seneca
952 3450 976 3491 et
988 3437 1062 3493 Pauli
1076 3439 1201 3510 Epistulas
1212 3479 1220 3507 ,
1232 3439 1277 3494 bas
1287 3461 1348 3495 vero
1364 3443 1396 3515 iq
1461 3471 1462 3490 ι

316 3524 457 3578 ludibrium
475 3536 589 3576 nostrum
609 3523 758 3596 compositas
773 3522 855 3576 luisse.
873 3521 959 3592 Quem
970 3521 1030 3576 vide
1041 3525 1072 3594 in
1080 3525 1182 3579 Seuera
1193 3523 1261 3588 vita,
1272 3545 1325 3597 usp.
1344 3545 1391 3590 ro,

319 3607 365 3658 lin.
375 3604 449 3674 hujus
466 3603 525 3656 edit.
540 3602 597 3655 vol.
609 3604 705 3676 l,paq.
717 3617 809 3657 xxm.

348 3691 387 3738 ³«
396 3688 488 3742 Lucius
502 3690 614 3749 Annaeus
626 3687 721 3740 Seneca
733 3686 904 3740 Cordubensis
919 3687 1024 3741 Pbotini
1035 3689 1107 3741 stoici
1120 3688 1274 3762 discipulus,
1288 3703 1392 3765 patrm

317 3775 415 3828 Lucani
425 3771 745 3846 poeta,eontiuentissimss
752 3772 811 3828 vitre
822 3771 877 3828 luit.
885 3772 969 3843 Quem
976 3793 1030 3826 non
1040 3793 1161 3846 ponerem
1171 3771 1198 3831 in
1210 3775 1325 3847 catalogo
1335 3796 1393 3840 san·

318 3874 415 3913 etornm
427 3859 527 3912 nisime
540 3857 590 3911 illae
602 3855 711 3928 epistole
721 3869 886 3928 provocarent
897 3895 904 3924 ,
915 3876 972 3928 qus>
982 3856 1102 3933 leguntur
1114 3879 1131 3920 a
1143 3858 1259 3934 plurimis
1271 3860 1347 3914 Pauli
1359 3861 1391 3914 ed

317 3947 454 4008 Senecam,
467 3955 491 3994 ut
502 3943 603 3994 Senecae
615 3941 648 3994 ad
659 3941 775 3994 Paulum.
789 3941 819 3992 ln
834 3931 1017 4013 quibusquam
1030 3957 1092 3996 esset
1104 3943 1212 3996 Neronis
1230 3945 1352 4016 magister
1370 3958 1393 3997 et

316 4026 367 4079 illis
379 4022 531 4096 temporibus
541 4023 743 4096 potentissimus,
756 4033 841 4096 optare
852 4040 878 4074 se
892 4023 953 4076 dicit
963 4024 1016 4094 ejus
1029 4044 1082 4078 esse
1094 4023 1145 4078 loei
1155 4026 1222 4099 spud
1231 4045 1308 4094 snos,
1320 4028 1393 4100 cnjus

316 4112 348 4164 sit
358 4109 454 4165 Paulos
466 4107 531 4180 apud
542 4105 706 4160 Christianos.
718 4106 769 4159 llic
779 4119 837 4158 aute
848 4104 980 4160 biennium
990 4127 1066 4180 qusm
1077 4109 1165 4163 Reum
1177 4121 1202 4161 et
1214 4109 1311 4164 Paulus
1320 4129 1391 4162 mer-

315 4199 384 4273 tyrio
396 4203 593 4259 coronarentur,
605 4211 618 4243 a
632 4193 736 4244 Nerone
752 4191 895 4245 interiectus
907 4205 951 4244 est.
964 4215 978 4241 s
