2950 4934
172 339 180 369 ’
303 378 371 464 tot
591 375 811 446 sennen
833 375 902 444 nr
925 377 1081 448 naum

473 689 516 758 V.
544 697 768 763 crastum
792 697 970 764 sannen
994 707 1045 762 nr
1069 693 1213 802 stunc

718 925 960 969 unorum.

343 1097 389 1164 ln
401 1096 553 1164 veteribus
562 1095 599 1161 L.
613 1099 653 1160 Α.
665 1095 789 1164 mcccc
802 1097 984 1164 editionibus
996 1099 1136 1186 leguntur
1149 1097 1378 1182 quatuordecim

303 1206 430 1272 Senecae
447 1207 487 1270 ad
505 1204 636 1272 Paulum
657 1219 689 1269 ct
707 1203 796 1270 Pauli
818 1207 858 1270 ad
871 1203 1019 1272 Senecam
1035 1203 1198 1292 Epistula,
1220 1226 1289 1290 que
1304 1205 1379 1268 olim

302 1333 362 1398 pro
375 1311 554 1376 authenticis
566 1311 676 1374 habita
688 1310 781 1376 luisse
798 1311 954 1389 ridentur,
970 1313 1108 1396 quamtis
1125 1311 1251 1378 cuilibet
1264 1332 1317 1375 eas
1330 1310 1379 1372 rel

304 1419 457 1484 levissime
470 1418 641 1504 inspicienti
654 1417 860 1503 supposititias
873 1439 939 1484 csse
949 1432 1061 1504 pateat.
1076 1417 1286 1483 Nihilominus
1300 1439 1382 1482 non-

304 1525 381 1586 nulli
391 1524 570 1608 scriptores,
581 1544 639 1588 nec
647 1524 735 1610 parvi
746 1526 909 1602 momenti,
927 1525 1006 1588 inter
1015 1523 1379 1611 qnosRllieronymus,

305 1623 362 1694 lib.
377 1633 417 1693 dc
430 1629 636 1714 scriptoribus
655 1621 888 1706 ecelesiasticis,
910 1651 937 1695 c.
957 1643 1024 1704 ¹²¹5
1043 1627 1087 1693 Ι).
1110 1626 1381 1714 Augustinus,Dc

306 1736 437 1802 Ciuitate
446 1735 529 1811 Dei,
544 1737 599 1801 lib.
608 1733 678 1815 Vl,
693 1759 722 1801 c.
737 1711 794 1815 ru,
810 1750 840 1801 et
849 1735 949 1820 Epist.
959 1753 1016 1799 un
1030 1740 1069 1800 ad
1078 1727 1198 1801 Maced.
1211 1787 1219 1815 ‚
1235 1737 1292 1800 has
1303 1735 1382 1820 Epi-

306 1845 400 1908 stulas
410 1857 601 1922 memorant,
613 1843 678 1908 sine
689 1843 753 1906 ullo
763 1845 801 1906 de
811 1842 933 1906 illarum
947 1844 1072 1908 veritate
1083 1843 1185 1906 dnbio.
1195 1842 1299 1906 lmmu
1309 1863 1383 1928 pcr-

305 1965 397 2036 petua
416 1953 498 2036 apud
512 1952 651 2036 priorum
671 1963 795 2013 aetatum
810 1947 999 2015 Christianos
1020 1949 1126 2034 opinio
1142 1949 1238 2034 viguit
1252 1947 1384 2012 Paulum

307 2073 340 2123 et
354 2057 503 2122 Senecam
521 2078 632 2141 magna
654 2056 745 2119 inisse
767 2055 898 2119 amicitia
915 2057 1105 2139 conjunctus,
1125 2058 1206 2138 quod
1223 2055 1386 2119 confirmat

306 2163 403 2228 Linus
413 2162 527 2226 Pontii.
536 2165 575 2226 de
587 2161 732 2226 Passieno
746 2160 845 2225 Paulis
854 2160 906 2225 De
921 2161 979 2226 hac
988 2163 1121 2226 amicitia
1135 2162 1223 2224 multi
1236 2162 1385 2245 discepta-

308 2283 432 2345 verunt,
444 2268 594 2354 inprimis
607 2269 656 2332 Fr.
668 2270 725 2331 cd.
737 2269 863 2352 Gelple,
877 2267 910 2330 in
921 2295 937 2324 s
948 2267 1192 2334 Tractatiuncula
1205 2270 1245 2331 de
1254 2267 1385 2332 sandia-

308 2377 398 2441 ritate
419 2397 487 2459 quac
501 2373 598 2438 Paulo
618 2374 758 2460 apostolo
782 2394 853 2438 cum
871 2371 987 2438 Seneca
1007 2372 1189 2459 philosopho
1211 2372 1384 2436 interfuisse

309 2481 428 2545 ridetur
439 2479 705 2557 verisimillima»,
716 2480 799 2562 Lips.
813 2477 907 2553 1813,
920 2479 1016 2556 iri-40.
1028 2477 1131 2562 Quam
1140 2480 1385 2543 dissertationem

309 2610 404 2671 quum
418 2609 496 2672 saepe
509 2587 665 2670 quaesitam
681 2603 862 2668 comparare
876 2605 936 2648 non
952 2587 1158 2670 potuerimus,
1175 2586 1250 2648 satis
1263 2586 1325 2648 crit
1336 2585 1386 2648 hio

309 2695 444 2757 inserere
458 2715 526 2776 qum
546 2714 583 2755 er
603 2690 657 2753 illa
673 2691 822 2776 excerpsit
848 2688 939 2754 Fred.
963 2689 1093 2769 Schoetl,
1118 2693 1248 2754 Histoire
1269 2693 1386 2772 odre'ge'c

310 2800 348 2862 dc
362 2803 393 2863 Io
405 2800 573 2864 Litte'ruturc
588 2800 714 2860 mmoinc
722 2843 734 2872 ,
751 2798 812 2860 vol.
825 2795 875 2873 ll,
893 2819 924 2882 p.
939 2797 1008 2874 445.

354 3035 371 3066 ι
386 3006 475 3074 (lette
487 3007 629 3071 tradition
640 3027 679 3068 nc
689 3007 754 3068 doit
765 3006 919 3089 peut-dtre
933 3025 987 3089 pas
1001 3006 1064 3070 dtre
1078 3006 1219 3091 releguec
1230 3009 1333 3092 parmi
1342 3009 1389 3072 les
1461 3039 1462 3060 κ

311 3114 430 3188 lables3
453 3114 603 3198 plusieurs
624 3112 846 3176 circonstances
867 3131 900 3174 se
923 3113 1091 3174 renuissent
1111 3133 1191 3195 puur
1211 3113 1255 3176 lui
1271 3117 1389 3178 donner

312 3221 442 3304 quelque
456 3219 707 3282 rraisemblance.
716 3215 789 3280 [tte
800 3217 939 3300 erplique
948 3238 987 3280 au
998 3219 1096 3282 moins
1105 3219 1135 3283 la
1145 3219 1309 3305 singulidre
1321 3245 1389 3285 res-

313 3326 486 3392 semblance
500 3346 559 3406 que
567 3324 613 3386 les
623 3323 763 3385 hommes
771 3323 809 3386 de
823 3323 928 3386 lettres
941 3337 994 3386 ont
1007 3333 1187 3408 remarquee
1199 3331 1285 3392 cntm
1297 3329 1390 3392 beau

314 3453 393 3516 coup
406 3433 444 3494 de
461 3450 603 3515 passages
620 3430 658 3490 de
679 3426 818 3510 seneque
832 3441 863 3491 et
877 3431 929 3492 des
949 3431 1058 3493 saintes
1077 3414 1256 3513 Eccitures‚
1271 3450 1391 3498 surtout

315 3539 369 3600 des
387 3519 500 3620 lipom
515 3536 550 3596 dc
565 3537 645 3595 scint
657 3534 741 3595 Paul.
758 3533 846 3596 Nous
865 3534 963 3598 allons
984 3550 1147 3621 rapporter
1165 3539 1391 3622 quelques-uns

316 3647 354 3707 de
366 3665 417 3707 ces
430 3662 571 3727 passages
584 3640 748 3725 parallelos
758 3685 766 3717 ,
778 3661 817 3703 en
827 3658 1037 3726 commengant
1050 3665 1107 3728 par
1121 3645 1151 3707 la
1161 3644 1320 3730 harengue
1331 3672 1391 3730 quc
1459 3657 1460 3697 l

316 3752 608 3836 l’apdtreprononga
619 3749 728 3810 derant
742 3745 914 3833 l’ardopage
929 3748 1109 3830 d'Athlnes‚
1126 3767 1226 3835 etque
1236 3755 1315 3817 saint
1326 3753 1392 3819 Luc

318 3880 337 3922 a
352 3859 470 3921 inseres
484 3859 558 3920 dans
573 3855 603 3918 le
617 3855 825 3938 dir-scptidme
840 3855 975 3940 chapitre
991 3859 1044 3922 des
1054 3863 1142 3922 Actes
1157 3861 1207 3925 des
1217 3862 1353 3945 Apdtres.
