2950 4934
251 514 495 585 PHYSIOL.
524 510 774 583 STOICOR.
798 512 900 581 ulo.
926 512 1001 578 lIl.
1096 511 1161 597 643

438 736 753 799 DISSERTATIO
772 736 810 795 V.

93 896 232 957 Homines
238 896 327 975 proni
335 916 373 954 on
384 894 520 975 mtp'ores,
533 893 710 975 etpmlao'm'
726 894 825 955 deiude
836 894 979 955 mairam?
990 903 1072 975 atque
1083 894 1172 953 obiter

523 1023 562 1061 aa
582 999 741 1079 Gigantes?

138 1194 195 1254 Suo
209 1193 296 1275 maeri
311 1213 377 1253 cum
392 1212 476 1249 causa
493 1190 579 1249 etiam
594 1189 673 1249 aliud
687 1200 790 1271 potest.
813 1188 901 1248 Primi
916 1188 957 1247 illi
971 1188 1101 1247 homines
1116 1232 1124 1263 ‚
1143 1190 1173 1248 in

93 1303 191 1383 primo
211 1313 240 1360 et
261 1312 363 1382 vegeto
383 1287 514 1372 Mundo,
536 1321 573 1357 an
595 1321 654 1357 non
677 1299 733 1379 ipsi
751 1298 841 1379 magis
865 1297 976 1379 vegeti,
995 1308 1023 1354 et
1039 1295 1175 1355 membris

93 1408 319 1490 corporibusque
331 1404 516 1489 grandiores?
530 1405 613 1464 llatio
626 1404 746 1464 suadere
756 1404 870 1463 videtur
881 1426 888 1473 ;
900 1404 967 1483 quia
979 1402 1064 1483 plena
1077 1404 1173 1461 omnia

95 1528 166 1573 tunc
176 1515 280 1573 virium
290 1526 319 1573 et
326 1513 497 1594 spirituum,
514 1510 648 1570 alimenta
657 1509 768 1583 valido,
784 1522 812 1569 et
828 1532 844 1569 e
858 1529 977 1589 corpore
992 1510 1063 1567 bene
1077 1506 1176 1567 habito

94 1633 184 1700 atque
199 1620 310 1700 integro
326 1618 367 1678 illi
382 1630 490 1699 partus.
513 1616 652 1677 Videmus
668 1618 698 1675 in
714 1629 807 1690 terra,
825 1636 887 1697 quae
905 1626 1027 1675 novatur
1042 1628 1070 1675 et
1087 1616 1176 1697 segeti

95 1727 225 1808 primum
240 1723 433 1806 proscinditur
450 1747 457 1780 ι
476 1722 606 1781 videmus
629 1723 660 1781 in
681 1722 792 1781 tumida
813 1722 995 1803 virginitate,
1020 1720 1177 1781 robustiora

95 1856 161 1914 quae
176 1843 342 1891 nascuntur.
370 1830 470 1910 Nuper
491 1829 521 1886 in
544 1850 619 1887 novo
636 1827 720 1901 orbe,
739 1824 828 1909 quuin
844 1828 968 1909 Hispani
984 1828 1098 1887 arbores
1112 1849 1178 1887 suas

96 1953 131 1999 et
144 1938 240 2021 fruges
256 1949 407 2007 severunt,
420 1935 589 1995 incredibile
600 1948 739 2016 quonum
751 1935 927 1995 adoleverint
939 1957 947 1993 z
961 1946 990 1993 et
1002 1956 1088 2014 poma
1099 1934 1178 1993 sruc-

97 2060 203 2128 tusque
224 2067 313 2126 supra
331 2064 512 2103 communem
535 2040 653 2101 modum
678 2041 815 2100 aderunt.
833 2040 936 2115 Addo,
954 2039 1033 2121 quod
1051 2052 1133 2100 vetus
1150 2055 1180 2101 et

98 2153 213 2233 passiva
230 2149 312 2211 valde
333 2147 393 2208 bec
410 2149 526 2229 opinio;
545 2169 578 2207 ac
594 2145 702 2222 Graeci,
720 2144 859 2223 Barbari,
879 2148 946 2228 ipsas
967 2148 1057 2207 sacro
1080 2148 1179 2207 littera

99 2279 220 2339 magnos
242 2254 381 2338 quosdam
403 2254 549 2327 homines,
573 2254 634 2313 sive
655 2252 793 2336 Gigantes
818 2252 1031 2313 adstruxerunt.
1056 2252 1119 2313 Hoc
1143 2253 1180 2313 dc

100 2365 198 2423 animo
219 2375 328 2422 tanturn
351 2361 483 2443 magnis,
500 2362 651 2441 superbis,
677 2362 772 2442 impiis
794 2363 1018 2443 interpretantur
1040 2359 1177 2441 quidam,
1251 2408 1253 2413 .

101 2456 233 2531 scimus-2
250 2470 301 2530 sed
315 2469 476 2529 testimonia
492 2466 617 2549 proiecto
632 2468 766 2527 aliorsum
782 2470 840 2543 ire,
857 2492 874 2527 a
888 2467 999 2549 pudore
1013 2468 1113 2542 abeat,
1129 2470 1181 2549 qui

101 2589 199 2659 neget.
212 2576 276 2635 Non
288 2574 442 2647 diffundor,
459 2595 553 2655 neque
568 2586 648 2634 extra
661 2574 805 2635 Particum
819 2596 913 2634 meam
928 2575 1035 2655 spatior
1049 2598 1057 2632 ε
1072 2573 1181 2655 aliquid

100 2699 199 2743 tamen
222 2685 253 2743 in
275 2682 384 2742 Seneca
407 2682 493 2741 etiarn
508 2682 639 2762 reperio,
655 2682 733 2762 quod
752 2682 808 2741 buc
829 2681 924 2742 ducat.
944 2682 988 2741 Dc
1005 2682 1105 2762 primis
1122 2683 1178 2757 illis

101 2790 280 2862 bominibus,
296 2801 382 2871 negat
396 2787 544 2869 Sapientes
561 2799 641 2847 natos
655 2785 768 2869 (Epist.
795 2786 874 2870 xc)=
895 2815 909 2847 o
920 2788 985 2848 Non
1009 2802 1104 2849 tamen
1121 2813 1180 2849 nc-

101 2897 252 2979 gaverim,
270 2894 368 2970 addit,
387 2893 474 2953 fuisse
489 2894 538 2952 alti
553 2894 668 2975 spiritus
683 2896 776 2969 viros,
799 2907 842 2968 et,
859 2908 891 2955 ut
904 2897 942 2954 ita
959 2895 1070 2969 dicam,
1088 2918 1105 2955 a
1126 2895 1180 2955 diis

103 3016 244 3063 recentes.
260 3002 361 3083 Neque
377 3002 453 3062 enim
468 3001 588 3060 dubium
604 3015 661 3076 est,
683 3004 753 3084 quin
773 3003 889 3063 meliora
906 3002 1034 3065 Mundus
1049 3003 1178 3063 nondum

103 3110 216 3168 effoetus
231 3107 363 3167 ediderit.
379 3133 392 3159 n
409 3107 532 3166 Meliora
548 3106 633 3180 dicit,
648 3130 706 3167 non
719 3108 833 3189 majora
846 3133 855 3168 :
869 3122 899 3168 et
914 3121 1009 3169 tamen
1027 3108 1062 3168 de
1078 3110 1180 3169 robore

103 3217 191 3275 etiam
206 3214 311 3275 subdit.
332 3213 606 3289 «Quemadmodum
621 3226 716 3275 autem
730 3216 862 3274 omnibus
874 3216 984 3284 indoles
995 3214 1095 3276 fortior
1109 3216 1179 3291 suit,

104 3334 135 3383 et
161 3322 197 3380 ad
211 3321 323 3380 labores
343 3322 489 3402 paratior,
512 3321 551 3379 ita
574 3342 632 3379 non
658 3334 738 3380 erant
760 3323 875 3403 ingenia
889 3320 1021 3381 omnibus
1043 3344 1181 3382 consum-

104 3440 193 3489 mata.
210 3455 224 3480 o
243 3428 324 3487 Philo
340 3427 454 3487 Judaeus
471 3428 597 3507 apertius
618 3424 685 3508 (De
701 3426 804 3509 Opific.
822 3426 943 3509 Mundi)
959 3452 968 3486 a
988 3429 1092 3489 «Talis
1108 3428 1178 3489 mihi

102 3538 216 3618 primus
230 3536 326 3594 llomo
339 3534 452 3593 videtur
460 3534 572 3606 'sactum
588 3546 617 3593 et
631 3555 749 3615 corpore
767 3547 795 3593 et
811 3535 906 3593 animo
921 3535 1045 3617 reliquos
1059 3557 1157 3594 omnes
1167 3532 1178 3609 ⁴,

103 3643 157 3724 qui
170 3642 217 3700 vel
230 3664 308 3701 nunc
324 3652 410 3713 sunt,
428 3640 474 3699 vel
489 3652 555 3699 ante
569 3638 701 3712 suerunt,
720 3640 898 3700 excelluisse.
916 3667 930 3693 o
953 3640 1042 3700 Addit
1057 3643 1180 3701 rationes

104 3748 178 3808 duas
195 3771 202 3807 ε
221 3775 236 3801 o
251 3748 335 3806 Illum
359 3748 436 3805 enim
460 3745 539 3804 Deus
554 3744 701 3820 condidit,
718 3767 771 3805 nos
786 3768 822 3805 ex
835 3745 999 3806 bominibus
1014 3748 1158 3829 gignimur
1174 3772 1182 3819 ;

103 3866 214 3937 quanto
235 3866 330 3913 autem
356 3853 457 3911 melior
478 3853 626 3932 majorque
650 3865 769 3926 auctor,
795 3864 873 3911 tanto
900 3865 929 3912 et
952 3874 1024 3935 opus
1042 3854 1178 3935 oportuit.

103 3959 221 4021 Deinde
230 3958 370 4041 quidquid
383 3960 480 4043 viget,
488 3972 653 4018 senescente
666 3972 694 4018 et
705 3961 798 4018 effoeto
809 3960 911 4020 melius
922 3972 981 4035 est,
993 3962 1053 4021 sive
1065 3962 1180 4037 animal,

104 4068 168 4127 sive
175 4060 292 4147 planta,
304 4066 364 4125 sive
377 4064 500 4137 fructus,
513 4066 573 4124 sive
583 4064 660 4124 uliud
671 4086 769 4124 eorum
783 4086 845 4145 quae
861 4066 891 4125 in
906 4065 1013 4126 Natura
1027 4080 1103 4127 sunt.
1121 4069 1185 4128 lta-

103 4196 166 4256 que
179 4196 233 4254 par
247 4184 306 4246 ost,
327 4174 452 4253 primum
467 4172 548 4230 illum
563 4170 718 4235 Hominem
735 4216 745 4245 ,
763 4173 850 4233 robur
866 4187 894 4233 et
908 4175 1035 4257 vigorem
1059 4177 1185 4237 extitisse

104 4283 196 4340 totius
207 4282 295 4341 nostri
307 4281 420 4361 generis
433 4304 441 4338 z
456 4291 484 4338 at
495 4291 605 4339 secutos
620 4278 725 4339 deinde
739 4280 819 4341 baud
833 4282 872 4342 ita
888 4283 1010 4365 viguisse
1025 4304 1077 4367 per
1093 4296 1186 4343 aetates
