2950 4934
283 529 527 598 rursron.
553 529 808 598 sT01coe.
834 530 933 601 ms.
959 531 1010 597 11.
1113 530 1192 598 613·
1253 513 1256 523 '

445 744 847 810 nlssElthtm-xx.

167 926 256 998 Unus,
273 932 311 986 ou
323 927 418 1006 postes
431 924 556 987 Mutet?
568 927 643 987 silem
657 948 696 987 un
712 930 939 999 atemushsse,
957 938 1052 991 eamn
1065 951 1133 989 esse.
1151 888 1155 899 ¹

155 1106 313 1169 Emeum
329 1108 473 1182 vidimus,
494 1120 524 1168 et
544 1109 687 1190 praecipua
706 1108 833 1189 corporis
855 1106 939 1187 hujus
960 1106 1089 1167 membra
1107 1129 1117 1163 a
1135 1108 1187 1167 sed

118 1215 210 1294 ipsum
226 1214 337 1296 Corpus
351 1235 387 1271 au
403 1212 497 1276 Unum
510 1213 564 1287 sit,
581 1235 618 1271 sn
631 1213 701 1272 item
717 1210 878 1282 Eanum,
897 1234 1066 1293 quaeramus.
1083 1212 1188 1273 Verius

116 1320 191 1378 enim
212 1316 472 1400 philosophantium
497 1316 545 1377 hio
569 1338 691 1390 sensus;
711 1318 802 1377 nostri
826 1316 938 1391 Stoici,
966 1344 980 1370 ιι
1004 1316 1103 1377 Unum
1126 1338 1188 1377 esse

114 1423 258 1487 Mundum
279 1437 455 1507 posuerunt,
479 1420 567 1505 atquc'
587 1446 653 1485 eum
677 1444 740 1483 esse
765 1434 855 1483 totum
878 1423 952 1484 illud
977 1443 1156 1503 corporeum.
1171 1448 1186 1475 ι

113 1525 204 1608 (Stob.
222 1529 325 1613 Phys.)
342 1530 487 1591 Postrema
498 1550 613 1589 sensum
627 1529 750 1603 hebent,
766 1530 930 1589 universnm
944 1510 1094 1589 Materiam
1109 1530 1139 1589 in
1154 1550 1189 1588 eo

114 1635 293 1718 absumptam
306 1660 315 1695 a
327 1635 530 1717 nihilrcliqui,
540 1636 597 1695 nisi
607 1634 738 1695 Vaonum
749 1634 822 1694 illud
833 1654 906 1695 esso.
919 1634 993 1695 Nam
1005 1634 1189 1695 Parmenides

113 1741 232 1821 quidem
241 1742 340 1802 Unum
349 1742 511 1801 statuebat:
527 1768 541 1794 ιι
556 1740 608 1801 sed
621 1741 756 1823 exiguom
766 1741 900 1801 Universi
909 1752 1019 1823 pmtem
1029 1765 1037 1813 ς
1047 1742 1189 1823 reliquum

113 1859 209 1908 autem
233 1847 386 1910 Materiam
414 1869 487 1908 esse.
503 1874 517 1901 ιι
534 1847 635 1929 Itaque
656 1849 717 1928 ejus
736 1868 823 1907 sensu
840 1848 1033 1930 superfluebat
1046 1849 1188 1923 Materia,

112 1952 159 2011 vel
173 1953 211 2013 sd
227 1954 324 2035 plures
345 1952 478 2013 mundos.
504 1952 582 2028 Quos
596 1954 690 2034 reipsa
704 1953 852 2035 ponebant
866 1964 895 2012 ct
913 1954 1036 2013 existere
1056 1955 1189 2015 volebant

112 2055 236 2139 rifiur'tos
248 2060 278 2119 io
287 2056 413 2141 testula,
430 2059 640 2132 Anaximenes,
656 2056 888 2132 Anaximander,
900 2058 1076 2131 Archelaus,
1088 2057 1189 2121 Xeno-

112 2164 237 2244 phanes,
250 2166 412 2247 Diogenes,
426 2163 607 2247 Leucippus,
622 2165 820 2237 Democritus,
833 2160 985 2247 Epicurus.
998 2165 1092 2246 Atque
1103 2165 1188 2246 hujus

112 2269 270 2351 discipulus
296 2270 480 2331 Metrodorus
499 2271 625 2353 imagine
652 2271 738 2331 etiam
763 2271 896 2331 utebatur
918 2270 1155 2353 adprobandum
1178 2292 1187 2327 a

113 2402 127 2429 ιι
141 2377 309 2438 Absurdum
325 2398 406 2450 esse,
422 2388 456 2436 ut
469 2398 528 2437 uno
550 2361 629 2458 spica
642 2378 673 2436 in
688 2398 793 2459 magno
806 2397 907 2459 cumpo
920 2376 1143 2459 produceretur,
1160 2389 1189 2435 et

111 2485 236 2561 pariter,
252 2506 328 2545 unns
342 2483 470 2545 Mundus
482 2484 513 2543 in
522 2483 645 2542 infinito.
660 2507 674 2535 ι
694 2480 774 2543 Plato
789 2494 819 2543 et
834 2484 857 2543 si
872 2483 939 2545 alibi
952 2506 1041 2543 unum
1052 2484 1149 2543 statuit
1161 2496 1189 2542 et

111 2590 207 2649 firmat
217 2614 225 2661 3
235 2603 331 2651 tamen
340 2591 474 2650 vacillare
484 2589 608 2664 videtur,
620 2600 650 2649 et
658 2589 787 2670 quinque
797 2610 918 2650 numero
931 2589 1092 2651 admittere.
1105 2590 1188 2664 Quod

110 2696 164 2755 etsi
177 2696 261 2757 aliter
275 2696 393 2777 quidam
407 2699 640 2778 interpretantur,
656 2696 793 2755 nimirum
808 2706 842 2755 ut
852 2694 937 2756 orbes
954 2696 1080 2777 appellet
1094 2696 1188 2757 Mun·
1295 2694 1298 2705 ’

109 2802 181 2877 dos,
205 2828 220 2856 ι
231 2803 344 2877 Terre,
365 2803 471 2885 Aque,
488 2803 588 2877 Aeris,
607 2802 705 2885 Ignis,
725 2814 755 2862 et
769 2803 897 2885 supremi
915 2800 1043 2884 denique
1062 2804 1150 2867 Geli:
1171 2830 1185 2855 ιι

109 2921 209 2971 tamen
225 2909 392 2971 Plutarchus
411 2910 485 2970 tueri
505 2922 624 2970 conatur
641 2908 808 2992 simpliciter
829 2909 866 2969 do
883 2910 1011 2991 quinque
1027 2910 1094 2969 totis
1109 2910 1188 2969 inte-

108 3018 229 3099 grisque
245 3015 373 3077 Mandis.
398 3014 442 3075 Et·
459 3016 577 3077 disserta
593 3017 619 3076 ei
640 3015 738 3076 videre
756 3028 815 3091 est,
830 3014 927 3076 libello
942 3015 987 3076 De
1003 3016 1188 3081 ommonem

107 3120 235 3203 defictis.
252 3123 347 3184 Nostri
361 3124 508 3196 veriores,
531 3136 561 3182 et
582 3123 619 3181 ab
637 3144 696 3182 uno
715 3123 778 3183 Deo
794 3144 884 3183 unum
901 3121 1063 3205 producunt
1076 3145 1087 3193 ς
1100 3133 1186 3203 atque

108 3252 203 3303 eum,
219 3230 355 3289 «linimur
369 3229 516 3289 etunimal
529 3242 558 3289 et
570 3241 724 3302 eternum,
742 3241 771 3290 et
780 3230 887 3289 Deum.
901 3254 915 3283 ιι
929 3228 992 3288 Atio
1005 3228 1074 3289 alias
1090 3229 1187 3311 expli*-

108 3348 176 3394 cate
191 3348 259 3394 sunt
270 3359 279 3394 ε
290 3334 344 3395 sed
357 3334 504 3396 AEtemmn
525 3336 566 3395 ibi
580 3336 662 3417 ponit
678 3335 765 3395 Arius
784 3335 926 3417 Didymus
946 3332 1002 3417 (ex
1019 3335 1068 3394 illo
1086 3336 1184 3407 enim,

108 3440 191 3524 apud
206 3440 380 3516 Eusebium,
391 3442 444 3503 lib.
461 3441 536 3516 XV,
554 3440 682 3524 sumpsi)
695 3465 704 3500 ε
720 3441 881 3524 quomodo,
896 3442 919 3501 si
934 3441 1118 3524 conflagratio
1130 3442 1184 3511 sit,

107 3551 199 3609 etiam
218 3550 350 3610 interitus
367 3550 405 3609 ab
423 3549 524 3631 aquis?
543 3549 609 3631 lpse
631 3548 812 3610 distinctione
832 3548 949 3630 expedit
968 3572 976 3607 ι
995 3575 1013 3605 ,ιι
1026 3547 1187 3630 Dupliciter

108 3658 192 3716 enim
206 3656 263 3716 dici
276 3656 439 3731 Mundum,
456 3668 485 3716 ct
497 3656 569 3717 illud
579 3656 656 3737 quod
671 3678 707 3717 ex
723 3669 782 3717 tota
790 3656 898 3716 Natura
913 3657 1040 3726 exsistita
1054 3665 1083 3715 et
1097 3654 1184 3729 illud,

106 3761 191 3845 quod
205 3775 335 3822 ornatum
353 3775 381 3822 et
392 3764 629 3823 »constitutionem
645 3764 809 3841 jem-talem
827 3760 923 3821 habet.
944 3759 1016 3820 ldeo
1035 3762 1131 3842 priore
1144 3762 1209 3827 siv,

105 3863 312 3946 gnificatione,
336 3862 659 3939 Mundnm,‚aeternum
679 3863 796 3936 dipunt3
818 3861 994 3943 posteriore,
1016 3873 1135 3933 natum,
1156 3874 1188 3919 et

106 3969 297 4043 mutabilem,
316 3982 345 4029 et
359 3970 528 4050 periturum.
546 3995 560 4022 ιι
574 3969 655 4029 Philo
664 3968 780 4029 Judaeus
794 3968 891 4050 paullo
901 3966 982 4026 aliter
994 3966 1043 4048 (de
1054 3965 1182 4026 Immort.

106 4073 230 4157 Mundi)
253 4099 262 4134 a
286 4100 300 4132 ιι
320 4073 437 4149 Potest,
461 4075 619 4135 secundum
639 4074 768 4149 Stoicos,
792 4073 920 4134 Mundus
941 4074 1043 4155 uliquis
1064 4086 1184 4145 eternus

107 4182 191 4256 dici,
210 4195 239 4241 ct
254 4182 357 4263 uliquis
367 4181 567 4263 corruptibilis.
581 4180 640 4241 Iste
651 4180 788 4261 quidem,
804 4180 885 4259 juxta
895 4192 1045 4254 ornatum,
1061 4192 1093 4239 ut
1107 4200 1184 4239 nunc

108 4302 175 4362 est;
196 4291 244 4350 ille
259 4303 371 4365 autern,
389 4291 438 4371 qui
455 4302 521 4371 post
537 4290 714 4351 exustionem
734 4289 836 4349 iterum
858 4298 990 4349 nascetur
1007 4289 1209 4370 iter-umqum,x
