2950 4934
393 441 424 508 E
446 441 623 511 LIBRIS
646 439 877 514 SENECAE.
1106 451 1172 536 443

95 569 248 664 puberes
265 570 385 640 eadem
404 572 463 640 iuti
480 573 664 642 necessitss
677 571 785 642 ducit.
803 574 979 667 Optimum
995 565 1046 644 est
1063 580 1172 662 mori,
1216 657 1219 666 y

96 710 205 778 quum
209 687 308 780 juvat
316 687 449 757 vivere.
459 690 600 758 Iuvenis
609 688 1007 784 morieris.Quicumque
1014 691 1059 760 ud
1068 709 1176 763 extre-

96 828 194 872 mum
206 803 263 871 luti
282 806 336 873 sui
354 807 470 889 venit,
489 829 593 875 senex
609 807 766 874 moritur.
782 807 859 874 Non
873 809 964 876 enim
982 809 1088 879 refert
1100 835 1176 904 quse

86 920 146 990 ‚sit
172 918 321 988 hominis
342 925 447 1006 ιιιιι,
474 921 535 990 sed
556 945 634 1014 qum
654 922 700 988 sit
717 935 820 988 meta.
841 924 983 990 Iuvenis
1006 926 1175 996 morieris.

98 1037 261 1104 Fortasse
278 1036 384 1104 elicui
402 1038 491 1106 mulo
509 1035 670 1106 subducit
686 1035 743 1106 mc
762 1038 899 1107 fortuna
917 1065 925 1106 ι
942 1041 972 1108 si
988 1042 1075 1110 nulli
1092 1043 1175 1128 ulii,

98 1151 157 1218 vel
173 1154 354 1220 senectuti.
374 1154 515 1222 Iuvenis
534 1155 702 1222 morietis.
723 1155 800 1222 Nun
821 1155 946 1241 relert,
970 1173 1055 1250 quot
1071 1184 1177 1230 nunus

98 1266 268 1351 habeam,
298 1268 360 1336 scd
389 1285 472 1361 quot
494 1271 704 1363 acceperim
732 1272 761 1339 si
781 1270 858 1364 plus
873 1273 989 1344 vivere
1006 1299 1074 1344 non
1094 1301 1203 1378 pos-⁸

99 1409 202 1466 sum,
220 1383 297 1454 haec
314 1401 366 1454 est
383 1402 539 1456 senectus
557 1409 644 1456 meu.

154 1501 349 1595 Insepultus
357 1503 501 1596 jacebis.
516 1502 612 1596 Quid
621 1500 716 1571 uliud
727 1497 966 1595 respondeum,
977 1531 1083 1600 quum
1094 1507 1180 1577 illud

99 1617 284 1686 Marcms?

289 1806 429 1825 .........
441 1770 534 1825 Facilis
546 1771 641 1844 jactura
654 1773 771 1846 sepulcri.

98 1903 138 1971 st
159 1900 249 1970 nihil
267 1903 395 1985 sentio,
415 1927 485 1972 non
501 1905 653 1997 pertinet
668 1905 713 1973 ud
730 1928 786 1974 me
800 1905 935 2000 jucturu
953 1909 1105 2002 corporis
1125 1911 1180 1978 in-

99 2018 241 2111 sepulti.
261 2019 297 2088 Si
314 2020 444 2102 sentio,
463 2019 573 2088 omnis
589 2022 764 2114 sepultura
780 2037 984 2094 tormentum
1003 2041 1066 2094 est.
1084 2027 1182 2094 Inse-

99 2133 219 2227 pultus
234 2130 378 2231 jacebis.

287 2325 378 2342 ......
392 2288 463 2344 Celo
475 2289 586 2362 tegitur,
599 2289 645 2361 qni
657 2311 711 2344 non
722 2289 799 2346 lrshet
809 2309 908 2346 urnam.

99 2425 201 2518 Quid
212 2428 374 2532 interest,
390 2431 481 2524 ignis
496 2454 551 2500 me
565 2455 611 2500 ιιι
629 2429 703 2499 lere
722 2445 919 2516 consumat,
936 2453 981 2498 ιιι
995 2423 1095 2499 tellus
1107 2451 1181 2500 om·

98 2545 200 2613 nium
218 2545 422 2638 sepultura?
436 2545 535 2617 Istud
556 2571 628 2616 nun
652 2547 814 2616 sentienti
838 2568 1086 2640 supervacuum
1103 2563 1177 2628 est,

99 2662 266 2730 sentienti
277 2685 377 2732 unus.
392 2663 587 2757 Insepultus
596 2661 743 2757 jacebis.
758 2659 804 2730 llt
817 2677 854 2732 tu
868 2661 1081 2747 combustus,
1097 2677 1132 2730 ιι
1144 2679 1181 2730 tu

95 2755 263 2861 'obrutum
279 2793 315 2847 nt
327 2796 365 2847 tu
378 2779 548 2864 inclusus,
569 2795 605 2848 st
619 2794 656 2847 tu
671 2776 850 2872 putridus,
868 2793 905 2846 ιι
920 2793 959 2846 tu
975 2778 1181 2846 evisceratus

98 2911 138 2962 et
156 2896 380 2980 constrictus,
408 2920 450 2964 sc
471 2893 617 2964 traditus
642 2894 771 2988 lepidi,
790 2896 851 2988 qui
870 2912 903 2965 te
920 2895 1083 2989 psulstim
1103 2893 1181 2964 edat

100 3023 137 3077 et
150 3010 312 3078 exsiccet.
331 3009 433 3078 Nulla
446 3022 497 3078 est
510 3009 684 3104 sepultura
696 3038 706 3096 3
722 3033 792 3079 non
808 3010 1006 3103 sepelimur,
1024 3009 1085 3078 sed
1097 3033 1180 3104 pro-

95 3127 256 3217 jicimur.
275 3127 353 3198 Non
371 3126 561 3220 sepelieris.
588 3126 684 3218 Quid
706 3127 799 3195 inter
820 3127 987 3196 tutissima
1003 3124 1182 3220 trepidus?

100 3245 202 3314 Ultra
227 3267 403 3337 poenarum
430 3245 581 3313 omnium
601 3245 786 3312 terminum
810 3245 875 3312 iste
896 3244 991 3312 locus
1014 3259 1077 3312 est.
1094 3244 1180 3311 vitae

99 3361 211 3429 multa
236 3359 420 3442 debemus,
449 3364 548 3430 morti
572 3361 675 3430 nihil.
694 3362 773 3430 Non
796 3360 1033 3430 defunctorum
1054 3357 1177 3440 ceusu,

99 3476 165 3546 sed
184 3479 358 3560 visorum,
380 3480 519 3548 inventu
541 3494 593 3548 est
615 3478 813 3572 sepultura,
837 3493 875 3546 ut
892 3500 1036 3572 corpora
1053 3486 1088 3545 et
1106 3477 1180 3544 visu

98 3608 137 3660 et
167 3592 272 3662 odore
301 3593 387 3660 foeda
417 3609 680 3680 amoverentur3
706 3592 791 3661 ulios
816 3608 907 3662 terre
934 3591 1068 3670 obruit,
1097 3588 1180 3658 ulios

99 3709 240 3778 flumme
261 3710 489 3803 consumpsit,
513 3709 597 3778 alius
612 3708 699 3802 lupis
723 3731 798 3778 οιιι
815 3706 1011 3777 redditurus
1027 3705 1177 3773 inclusit.

97 3830 134 3895 N
135 3850 184 3894 on
199 3826 391 3911 defunctis,
410 3825 472 3895 sed
486 3828 613 3895 nostris
628 3826 735 3894 oculis
751 3825 934 3919 parcimus.

152 3945 308 4037 AEgrotu.
330 3947 431 4013 Venit
453 3961 587 4038 tempus
608 3965 676 4035 quo
700 3943 967 4035 experimentum
990 3940 1055 4007 mei
1077 3959 1179 4030 espe-

89 4087 190 4133 nem.
212 4065 289 4131 ll'on
308 4065 345 4131 in
363 4065 449 4132 muri
467 4079 619 4144 tuntum,
640 4077 700 4129 aut
718 4061 755 4128 in
772 4059 911 4154 praelio,
934 4060 988 4126 vir
1002 4059 1098 4125 fortis
1116 4079 1180 4148 sp-

98 4196 222 4273 parct3
243 4178 425 4248 exhibetur
453 4179 554 4248 etium
581 4179 616 4246 in
637 4176 761 4245 lectulo
786 4178 908 4245 virtus.
933 4175 1084 4268 AEgroto.
1103 4177 1180 4243 lton
