2950 4934
233 435 472 510 nnrsson.
496 420 747 510 srotcon.
772 439 866 510 ιιιι.
893 439 945 506 ιι.
1059 443 1119 535 5,.

60 551 128 644 ῐιιιιιι
139 579 284 644 Mundum
297 581 418 645 deornm
429 555 500 646 used
505 581 658 666 Templum
669 624 681 658 ,
697 582 790 646 uotum
803 582 920 666 quidem
941 583 1128 668 amplitudine

59 689 173 750 illorum
191 711 225 748 nc
243 689 453 772 magnificentie
476 689 607 774 dignum.
620 715 634 744 ι
658 688 697 752 Et
716 689 786 752 alibi
800 687 915 773 (Epist.
933 687 988 773 xc)
1012 712 1021 749 ι
1040 717 1053 744 ι
1072 688 1129 750 Per

60 819 121 877 quc
131 818 192 856 non
203 797 378 878 municipale
384 818 513 869 suerum,
524 796 576 858 sed
587 798 688 880 ingens
701 797 830 858 omnium
846 796 965 856 deorum
977 796 1129 878 Templum¹

59 900 187 962 Mundus
199 902 253 962 iste
267 914 420 962 resemtur.
436 927 451 955 ι
469 901 569 964 Cicero
583 900 638 985 (In
653 900 787 984 Somnio)
801 925 810 962 s
828 929 842 957 u
857 902 996 964 Homines
1011 914 1129 962 tuentur

61 1009 140 1067 illum
152 1008 284 1090 globum,
300 1029 387 1090 quem
400 1009 431 1067 in
445 1007 566 1090 Templo
578 1005 632 1068 hoe
648 1008 776 1070 medium
791 1006 891 1079 vides,
908 1009 957 1092 qui
969 1021 1045 1068 terra
1057 1007 1142 1068 dici-'

61 1123 114 1172 tur.
134 1138 149 1167 s
171 1112 231 1172 Ubi
250 1111 413 1174 Macrobius
436 1115 566 1194 apposite
584 1111 660 1195 (lib.
685 1113 722 1188 Ι,
749 1137 812 1198 cap.
837 1110 892 1196 14)
915 1138 925 1174 ι
947 1142 962 1170 ι
983 1115 1131 1198 Quidquid

61 1216 185 1278 humano
196 1216 344 1299 adspectui
354 1219 515 1298 subjicitur,
530 1217 683 1301 Templum
699 1220 761 1299 ejus
773 1221 885 1283 vocavit
897 1221 1020 1301 quisoln
1035 1232 1131 1280 mente

62 1323 235 1406 concipitur,
245 1336 293 1397 nt,
310 1325 360 1405 qni
374 1321 435 1384 haec
449 1336 602 1396 venerumt
615 1337 648 1384 ut
660 1325 789 1406 temple,
806 1325 913 1388 cultum
929 1337 1024 1386 temen
1035 1326 1132 1384 maxi-

62 1452 138 1490 mum
151 1429 256 1490 debeat
268 1429 407 1490 conditori
421 1453 431 1488 ι
446 1431 573 1512 sciatque
587 1431 717 1511 quisquis
732 1432 763 1490 in
777 1451 861 1490 usum
876 1430 974 1514 templi
988 1429 1072 1510 hujus
1085 1430 1132 1488 in-

63 1535 184 1610 ducitur,
196 1537 255 1596 ritn
268 1537 323 1596 sibi
336 1535 491 1598 vivendum
502 1536 672 1599 Sacerdotis.
687 1563 701 1590 u
712 1536 809 1610 Bono,
822 1536 898 1596 boun
909 1549 1050 1618 postrema
1063 1558 1132 1596 mo-

63 1643 132 1702 nitio
148 1655 179 1703 et
192 1643 359 1706 Plutarchus
374 1643 491 1704 sccednt
503 1642 566 1726 (De
579 1643 688 1724 Trnnq.
705 1641 848 1726 enimi.)s
868 1670 881 1698 u
893 1643 1045 1726 Templum
1069 1662 1131 1702 csse

62 1745 137 1808 hune
151 1749 316 1825 Mundum,
330 1750 551 1810 sacratissimum
560 1749 678 1832 quidem
688 1771 721 1808 nc
732 1749 993 1832 religiosissimum,
1009 1748 1039 1808 in
1053 1749 1131 1832 quod

63 1876 113 1934 per
122 1869 217 1917 ortum
229 1855 401 1930 inducimur,
414 1868 586 1940 spectatores
596 1878 654 1916 non
665 1856 811 1939 signorum
825 1854 975 1916 sindonum
988 1867 1016 1914 et
1028 1877 1133 1916 manu-

66 1961 203 2023 factorum
211 2005 221 2036 ,
229 1962 282 2022 sed
294 1961 382 2037 Solis,
397 1960 501 2038 Lunce,
512 1961 650 2023 siderum.
665 1987 679 2015 u
692 1960 733 2022 Et
744 1960 842 2034 addit,
856 1961 914 2020 baec
925 1989 940 2017 u
952 1962 1039 2020 veluti
1051 1963 1133 2022 initia

64 2080 92 2128 et
104 2070 239 2150 mysteria
253 2069 382 2150 quaednm
396 2090 475 2144 esse,
487 2068 640 2150 tranquillo
651 2081 680 2129 et
689 2069 753 2127 leto
769 2067 852 2128 nobis
866 2068 961 2127 animo
975 2067 1130 2150 spectanda

65 2197 95 2236 ac
107 2174 280 2258 peragenda.
290 2201 304 2228 s
323 2175 405 2234 Philo
418 2175 542 2257 denique
557 2174 671 2236 Judcus
684 2173 800 2236 clnudnt
811 2173 875 2256 (De
886 2174 1035 2234 Monarch.
1053 2172 1102 2257 Il)
1119 2197 1128 2233 ι

66 2281 247 2364 «Templum
262 2280 319 2342 Dei
337 2303 521 2365 supremum,
536 2294 566 2342 et
579 2303 648 2343 vere
662 2282 735 2355 tale,
758 2282 922 2342 existimare
942 2294 1054 2362 oportet
1069 2303 1130 2341 esse

65 2399 149 2448 uum
163 2388 241 2448 bunc
263 2386 423 2458 Mundum
444 2389 495 2468 qui
516 2386 674 2448 sacrarium
696 2386 814 2468 quidem
830 2383 932 2459 habet,
950 2388 1131 2468 purissimum
1233 2399 1237 2418 ⁸

66 2513 157 2554 rerum
176 2491 291 2554 Naum
305 2504 434 2575 partem,
458 2491 583 2562 Culum
605 2505 790 2566 ornamenta,
814 2493 929 2565 stellas,
951 2491 1129 2567 sacerdotes,

66 2597 242 2660 administros
252 2600 384 2681 potentia
400 2600 461 2680 ejus
474 2600 610 2681 angelos,
627 2599 809 2680 incorporeas
822 2599 942 2658 unimus.
960 2625 972 2652 n
986 2598 1131 2682 Imagines

66 2701 215 2778 labemus,
231 2715 331 2786 eptas,
348 2715 378 2764 et
389 2725 444 2786 pro
457 2702 609 2786 splendore
625 2725 658 2764 ne
673 2702 811 2786 dignitate
826 2703 948 2777 Mundi,
964 2725 1016 2764 nec
1030 2726 1128 2788 supra.

69 2836 82 2864 ι
94 2810 172 2875 Nihil
181 2811 260 2876 enlm
273 2811 401 2874 omnium
416 2832 513 2872 rsnrm
527 2808 588 2892 (ait
600 2810 767 2873 Stoicisssns
780 2809 909 2884 Tullius,
927 2810 957 2870 Il
970 2808 1016 2870 De
1029 2809 1129 2871 Natur.

67 2913 162 2998 deor.)
174 2916 278 2977 melius
290 2928 334 2977 est
350 2916 481 2991 Mundo,
496 2914 570 2976 nihil
582 2917 791 2999 praestabilius,
808 2915 881 2976 nihil
892 2917 1036 2999 pulchrius
1053 2940 1062 2976 ι
1076 2938 1130 2977 nee

66 3021 153 3081 solum
166 3020 241 3082 nihil
252 3034 313 3096 est,
327 3022 379 3084 sed
390 3043 429 3083 ne
442 3023 559 3104 eogitari
572 3022 689 3104 quidem
702 3021 858 3106 quidquam
877 3024 978 3084 melius
992 3035 1093 3105 potest.
1114 3047 1128 3076 s

67 3127 138 3188 Vide
159 3129 257 3211 ipsum
271 3140 380 3203 totum,
396 3128 464 3188 vide
483 3150 603 3211 mugnus
626 3151 784 3211 paruasque
806 3141 900 3212 portes
916 3152 925 3188 s
943 3131 1038 3190 omnia
1061 3155 1075 3183 u
1090 3129 1130 3188 ita

66 3237 213 3298 constituto
227 3249 315 3308 sunt,
335 3248 369 3295 ut
380 3234 525 3318 nequead
540 3257 624 3296 usum
639 3236 757 3297 meliora
776 3259 838 3298 esse
857 3239 1018 3320 potuerint,
1035 3256 1129 3320 neque

67 3339 102 3400 ad
112 3342 237 3424 speciem
250 3339 423 3425 pulchriore.
443 3366 457 3394 υ
472 3338 570 3423 (ibid.
584 3338 686 3420 infra.)

378 3542 690 3606 nlssmttssto
711 3542 815 3604 VIII.
864 3549 866 3555 ‘

67 3690 403 3755 rannemundus
416 3689 682 3763 (silendumne
696 3690 1129 3772 cunctabundunm

515 3795 673 3879 sitsuctus.
710 3825 714 3831 ’

104 3985 194 4048 Tum
210 3999 306 4048 uuum
325 3988 421 4071 operis
434 3989 500 4071 quis
517 3987 639 4058 suctos?
653 3987 778 4064 Nullus,
793 3987 874 4048 oium
888 3986 1027 4069 quidum,
1043 3998 1072 4046 et
1091 3985 1128 4048 at»

67 4103 168 4154 eterno
178 4093 250 4169 suit,
272 4107 464 4178 amniumque
479 4096 542 4155 erit.
559 4095 618 4156 Alii
640 4095 691 4176 qui
703 4094 810 4156 Iactum
832 4105 977 4168 statuunt,
993 4093 1128 4174 partiunt

69 4196 171 4264 Natura
183 4199 235 4284 (ut
248 4200 362 4284 Strato)
374 4225 383 4264 t
404 4202 539 4285 pertine
553 4200 638 4264 Forte
654 4214 683 4261 et
695 4201 798 4276 ‚Cnsu,
818 4213 850 4262 ut
867 4197 1020 4286 Epicurus.
1042 4198 1132 4264 Stoici
