2950 4934
278 467 521 536 PHYSIOL.
546 467 799 534 STOICOR.
826 466 922 534 ΗΒ.
948 466 977 532 l.
1105 465 1171 560 547

107 613 179 673 Deus
191 611 368 671 muneret?
382 609 571 691 Respondeo,
586 632 646 670 nou
665 610 734 690 quia
753 621 869 692 egeret,
893 607 944 670 sed
957 608 1044 669 vellet
1059 632 1068 668 ι
1085 605 1172 670 vellet

105 730 213 790 nutem,
229 718 296 797 quin
309 715 418 789 bonus,
432 728 464 776 et
479 743 493 770 s
506 739 565 776 non
578 727 730 780 contentos
744 715 803 798 (nit
818 715 1031 798 Damascenus)
1045 717 1089 776 sui
1102 739 1173 776 con-

105 824 299 904 temphtioue,
314 822 383 882 lecit
397 824 483 883 etiam
498 823 602 903 quibus
615 821 811 882 benefaceret
826 867 834 896 ,
852 825 944 903 etqui
963 823 1098 882 bonitatis
1116 843 1173 882 suae

105 930 253 1010 participes
266 939 377 1001 cssent,
390 928 530 1010 Angelos,
546 925 706 1001 Mundum,
721 928 871 988 Homines.
888 953 903 982 n
918 927 1013 1002 Quid,
1026 928 1105 1010 quod
1118 928 1174 989 de*-

104 1057 197 1095 comm
210 1047 239 1094 et
256 1034 326 1094 ordo
341 1035 381 1094 sic
398 1032 512 1094 videtur
529 1033 693 1116 postulone?
706 1033 815 1094 Seneca
834 1035 973 1094 rationem
988 1056 1052 1094 eom
1066 1034 1173 1118 ingerit

103 1141 195 1221 (apud
207 1140 287 1200 Lact.
304 1139 338 1213 1,
355 1161 419 1220 cop.
436 1136 500 1220 4)·
519 1165 533 1192 ι
548 1139 643 1213 Deus,
659 1162 749 1220 quum
769 1140 862 1220 prima
884 1137 1072 1200 frmdomentn
1091 1140 1174 1200 molis

104 1245 296 1327 pulcherrime
303 1247 428 1325 jaceret,
439 1257 473 1304 nt
485 1247 581 1305 omnia
594 1245 650 1304 sub
660 1246 788 1304 Ducibus
799 1246 858 1304 suis
869 1246 958 1319 irent,
969 1246 1100 1325 quemvis
1113 1245 1175 1326 ipse

105 1373 154 1432 per
167 1364 256 1412 totum
275 1373 307 1412 se
324 1369 428 1432 eorpus
448 1350 634 1424 intenderat,
656 1364 753 1411 nmen
773 1353 918 1412 ministros
937 1352 1019 1433 regni
1040 1353 1084 1410 sui
1098 1348 1175 1412 Deos

104 1458 210 1539 genuit.
227 1483 242 1510 s
258 1453 383 1528 Genuit,
400 1455 432 1515 id
448 1468 507 1529 est,
523 1456 601 1518 iecit.
624 1456 702 1531 Quid
721 1459 812 1541 magis
826 1459 894 1540 pie,
910 1456 1050 1539 pulchre,
1065 1470 1095 1518 et
1108 1473 1175 1518 rere

104 1564 214 1644 porat?
229 1582 295 1623 nun
309 1575 339 1623 et
352 1564 479 1645 agnoscit
490 1561 545 1622 snb
556 1564 672 1622 initium
686 1562 833 1638 conditos,
849 1575 883 1622 ut
896 1564 1033 1646 Theologi
1048 1563 1108 1624 iero
1120 1585 1176 1622 no-

104 1672 161 1731 stri.
176 1673 221 1732 De
231 1670 384 1751 multiplici
398 1681 493 1730 nutem
507 1669 647 1730 divisione
661 1691 778 1744 eorum,
794 1684 822 1730 et
836 1691 970 1745 munere,
987 1693 1045 1732 non
1059 1671 1174 1744 turben

103 1779 183 1839 turbe
196 1791 288 1852 esset,
304 1779 360 1838 nisi
373 1787 458 1838 esset.
475 1778 569 1837 Immo
582 1797 651 1838 vero
660 1779 739 1838 Dens
752 1777 945 1858 pulcherrimo
962 1778 1063 1840 ordine
1076 1821 1085 1853 ,
1099 1792 1129 1838 et
1142 1792 1176 1839 ut

104 1888 239 1967 cujusque
249 1897 351 1946 natura
362 1897 412 1945 aut
422 1884 547 1967 dignitas
561 1895 643 1956 erat,
658 1887 826 1966 sparsitper
835 1885 889 1945 lroc
899 1907 1003 1966 corpus
1015 1885 1149 1946 Universi
1165 1909 1174 1944 r

104 2019 119 2047 ι
131 2005 261 2053 curantes
279 1991 342 2075 (ait
367 1989 582 2074 Damascenus)
603 1988 697 2052 Terrae
715 2005 807 2052 censs
825 2003 945 2073 portos,
971 1991 1176 2075 profectosque

102 2099 257 2172 Gentibus,
273 2111 302 2159 et
315 2100 396 2159 locis.
416 2125 432 2151 u
447 2099 526 2158 Sacri
540 2100 630 2158 nostri
642 2097 710 2159 libri
723 2098 779 2158 hoc
791 2099 945 2160 ostendunt
960 2123 968 2158 ι
985 2111 1014 2160 et
1026 2100 1174 2180 Hierony-

102 2227 163 2265 mus
175 2217 276 2287 aperte
288 2204 342 2286 (ln
353 2203 458 2264 Ezeelr.
476 2226 539 2286 cnp.
557 2201 614 2287 28)
625 2227 635 2263 ι
649 2231 663 2258 ι
674 2204 798 2266 modim
810 2215 877 2265 sunt
887 2206 1004 2288 Angelis
1015 2206 1052 2266 nd
1067 2222 1176 2288 regen*-

102 2312 167 2372 dum
178 2311 352 2382 Provinciis,
363 2312 446 2391 quusi
454 2307 605 2370 lodicibus
619 2311 655 2369 ob
666 2297 852 2390 lnlperntore.
865 2335 878 2363 u
892 2305 1012 2372 Rufinus
1024 2309 1170 2392 (Exposit.

103 2415 248 2498 Symbol)
260 2439 268 2476 ι
286 2440 301 2470 ι
318 2416 362 2475 Ab
375 2415 458 2475 initio
471 2413 608 2497 praeiectoe
622 2415 752 2496 qrnsdom
766 2417 903 2476 virtutum
918 2418 1070 2478 coelestium
1086 2419 1176 2478 Poto*

102 2535 200 2598 sures,
216 2505 323 2604 quibus
334 2533 481 2607 regeremr
494 2533 524 2582 et
538 2521 751 2603 dispenslretur
764 2513 926 2582 mortalium
940 2547 1042 2606 genus.
1055 2549 1071 2577 ι
1083 2524 1175 2586 lmrno'

103 2641 130 2689 et
141 2631 263 2713 singolis
277 2629 422 2711 assignati.
445 2629 641 2709 Hieronymus
657 2630 687 2686 in
701 2627 774 2687 illud
790 2627 941 2710 Evangelii
956 2627 1076 2710 (Mattlr.
1095 2628 1149 2710 28)
1164 2651 1172 2688 r

104 2760 118 2790 α
132 2734 236 2819 Angeli
250 2753 350 2796 comm
363 2734 465 2794 vident
477 2733 580 2794 faciem
595 2733 704 2805 Pntris;
724 2761 739 2786 u
754 2733 853 2794 scribit
867 2755 875 2792 r
895 2761 908 2788 ιι
926 2733 1035 2816 Mngns
1052 2733 1176 2818 dignitus

103 2845 260 2904 animm-um
270 2885 279 2917 ,
290 2853 324 2902 ut
335 2862 513 2923 unaqueque
526 2841 645 2914 babent,
658 2841 695 2900 nb
706 2854 771 2901 ortu
782 2842 937 2902 nativitatis
948 2885 957 2916 ‚
974 2844 1004 2900 in
1018 2842 1175 2902 custodiam

102 2953 146 3010 sni
158 2951 304 3032 Angelum
323 2948 501 3031 deputatum.
520 2974 535 3001 »
551 2949 644 3008 Immo
661 2960 691 3007 et
704 2961 772 3007 onte
790 2961 902 3017 ortum;
925 2964 964 3008 ex
979 2941 1174 3022 Tertulliano,

102 3054 162 3136 (De
171 3055 294 3129 Anima,
305 3074 369 3136 cap.
385 3053 436 3138 37)
447 3099 457 3128 ‚
472 3081 486 3108 ι
497 3055 620 3116 Omnem
631 3053 754 3114 bominis
766 3055 795 3114 in
806 3067 888 3114 utero
898 3053 1022 3126 serendi,
1034 3054 1174 3130 struendi,

103 3161 229 3246 fingendi
251 3175 414 3244 pumturum
429 3162 524 3243 nliqca
541 3162 642 3242 utique
664 3160 810 3234 Potestas,
827 3160 930 3220 divinae
948 3160 1102 3222 voluntatis
1116 3165 1177 3222 mi·-

101 3273 212 3345 nistrs,
232 3269 407 3331 moduletur.
427 3296 441 3324 ι
458 3269 598 3342 Desino,
618 3269 671 3328 boe
687 3267 842 3344 admoneo,
858 3267 978 3350 pulchra
998 3269 1128 3352 quedam
1149 3279 1178 3330 rt

102 3375 189 3460 (ligna
202 3378 279 3459 legi,
297 3399 314 3436 n
331 3375 512 3454 Tn‘smegisto
525 3395 612 3457 snpm
623 3384 683 3435 tota
694 3376 750 3435 bac
768 3395 800 3436 re
814 3376 920 3458 scripte
939 3397 948 3434 ι
964 3378 1015 3457 qui
1029 3375 1177 3437 Dnmones

101 3495 199 3544 temen
219 3484 302 3543 nstris
317 3484 442 3565 assignat
457 3515 466 3555 ,
482 3493 512 3542 et
527 3482 581 3541 sub
595 3502 695 3542 eorum
708 3483 788 3542 velut
802 3483 891 3565 signis
906 3481 1020 3542 ordiust
1035 3502 1044 3542 ι
1061 3485 1132 3544 mire
1150 3495 1179 3542 et

101 3589 214 3649 occulto
224 3588 296 3661 elis,
308 3587 427 3668 proprio
435 3585 526 3661 libro,
539 3587 711 3648 nMieboeIe
719 3588 827 3659 Prelio,
841 3590 892 3670 qui
902 3601 969 3648 onte
980 3605 1070 3650 snnos
1081 3589 1178 3669 paullo

102 3695 166 3777 plus
186 3696 360 3777 quingentos
377 3691 531 3754 Michaelis
550 3692 640 3756 Dum
654 3693 838 3775 Imperatoris
860 3695 959 3754 doctor
983 3706 1018 3754 et*
1035 3691 1180 3754 institutor

101 3801 165 3862 init.
182 3802 213 3861 Is
225 3802 299 3861 mirn
314 3811 343 3860 et
354 3800 521 3874 recondite,
536 3811 571 3861 ut
583 3801 666 3874 (lixi,
682 3801 771 3862 trudit
785 3809 902 3861 auctore
915 3801 1040 3881 quodum
1054 3801 1180 3872 Marem

102 3911 172 3990 qui,
189 3907 242 3968 elin
255 3919 285 3967 et
297 3906 474 3970 familiariter
488 3928 553 3968 cum
565 3907 666 3969 Geniis
680 3907 825 3981 versatus,
842 3905 1067 3966 consultissimus
1081 3907 1180 3966 talium

104 4014 275 4076 habebatur.
293 4015 324 4075 St
336 4016 432 4091 voles,
447 4010 525 4075 ride.
