2950 4934
280 491 349 578 4⁵4
658 490 952 561 excurras

280 645 349 704 sor,
374 618 435 688 sed
454 619 529 689 sine
546 618 808 714 exprobratione
824 639 1012 718 correptor,
1033 625 1080 692 ita
1098 640 1136 692 ut
1149 621 1353 694 admonitio-

280 763 360 807 nem
378 737 550 807 hilaritate
567 740 777 832 prevenias,
802 759 837 809 et
855 743 963 810 errori
985 743 1085 810 facile
1106 744 1237 823 reniam
1257 741 1348 810 dato.

281 855 353 920 Nec
369 851 507 920 extollas
524 875 747 944 quemquam,
770 877 884 946 neque
899 852 1052 949 dejicias.
1070 856 1261 924 Dicendum
1282 870 1353 924 esto

280 971 402 1037 tacitns
421 967 577 1048 auditor,
604 969 816 1039 audientium
838 988 1016 1065 promptus
1035 987 1206 1066 receptor.
1224 971 1353 1063 Requi-

280 1086 372 1152 renti
399 1085 498 1153 facile
527 1085 714 1180 responde,
737 1091 970 1156 contemnenti
987 1089 1086 1159 facile
1105 1089 1211 1170 cede,
1232 1087 1353 1156 necin

276 1202 393 1296 jurgia
411 1203 710 1295 execrationeoque
725 1202 893 1274 discedas.
915 1206 953 1275 si
971 1207 1150 1274 continens
1170 1227 1224 1284 es,
1246 1202 1353 1270 animi

281 1319 332 1386 tui
343 1335 454 1387 motus
465 1320 687 1413 corporisque
698 1300 858 1402 observa,
876 1345 919 1389 ne
933 1321 1085 1390 indecori
1099 1323 1180 1389 sint.
1193 1322 1264 1388 Nec
1277 1317 1355 1386 illos
1461 1307 1462 1344 l

282 1437 361 1504 ideo
375 1452 583 1518 contemnas,
599 1437 680 1528 qnia
694 1437 800 1505 latent
819 1463 827 1503 :
847 1461 925 1506 nam
940 1437 989 1506 nil
1005 1435 1132 1515 differt,
1148 1438 1177 1504 si
1190 1457 1288 1503 nemo
1301 1435 1355 1502 vi-

282 1553 379 1632 dcat,
397 1577 501 1644 quum
520 1569 558 1620 tu
574 1553 647 1646 ipse
661 1554 736 1622 illos
750 1553 878 1623 videas.
898 1555 1036 1622 Mobilis
1053 1569 1146 1637 esto,
1165 1575 1232 1619 non
1246 1549 1353 1634 levis,
1461 1557 1462 1588 l

281 1685 456 1752 constans,
478 1693 547 1738 non
562 1671 732 1763 pertinax.
755 1671 908 1764 Alicujus
923 1671 974 1738 rei
991 1671 1166 1738 scientiam
1180 1665 1308 1736 babere
1322 1680 1357 1734 te

283 1810 346 1854 nco
363 1789 516 1880 ignotum
530 1788 594 1869 sit,
613 1811 678 1855 nec
693 1787 882 1856 molestum.
900 1789 1028 1858 Omnes
1043 1787 1106 1855 tibi
1121 1809 1218 1881 pares
1234 1784 1353 1862 facies,
1461 1809 1462 1812 ¹

282 1902 343 1970 sed
369 1905 550 1972 inferiores
575 1904 804 1997 superbiendo
825 1929 894 1972 non
921 1920 1129 1973 contemnes.
1154 1903 1358 1995 Superiores
1461 1915 1462 1976 ᾗ

282 2035 374 2088 recte
392 2018 540 2088 vivendo
558 2042 627 2088 non
641 2035 784 2088 metuas.
801 2021 842 2088 In
856 2017 1033 2088 reddenda
1049 2019 1273 2102 officiositate,
1293 2039 1359 2084 ne·

281 2161 350 2228 qne
377 2137 583 2230 negligens,
613 2161 726 2228 neque
753 2153 888 2206 exactor
913 2159 1090 2230 appareas.
1117 2136 1255 2204 Cunctis
1285 2148 1358 2202 esto
1461 2127 1462 2132 ¹

282 2251 474 2345 benignus,
499 2253 627 2319 nemini
650 2251 816 2335 blandus,
835 2256 953 2344 paucis
981 2253 1176 2332 familiaris,
1200 2250 1360 2318 omnibus
1461 2233 1462 2252 ¹

282 2389 411 2458 aequus.
431 2367 592 2436 Severior
610 2381 682 2434 esto
699 2368 737 2432 in
752 2366 884 2458 jndicio
906 2392 1007 2459 quom
1029 2369 1066 2434 in
1089 2389 1241 2434 sermone
1264 2367 1358 2433 :vita

284 2507 384 2576 quam
404 2483 500 2551 vultu
516 2479 582 2577 (al.
610 2479 720 2575 cultu)
749 2509 757 2549 :
786 2483 898 2554 cultor
921 2484 1109 2552 clementias
1135 2509 1143 2550 :
1174 2481 1360 2552 ‹letestator

282 2601 416 2669 saevitiae
434 2625 442 2666 z
459 2599 558 2666 bonae
576 2599 672 2666 famae
686 2620 798 2690 neque
812 2614 878 2666 tnae
894 2601 1094 2682 seminator,
1112 2621 1223 2691 neque
1235 2597 1360 2666 alienae
1461 2603 1462 2674 ζ

283 2714 435 2787 invidus.
456 2714 686 2796 Rumoribus,
710 2715 933 2798 criminibus,
950 2716 1200 2810 suspicionibus
1216 2717 1361 2784 minime

286 2831 514 2902 credulusvel
528 2828 717 2924 malignus,
741 2827 798 2897 sed
825 2831 938 2922 potius
966 2829 1020 2900 bis
1044 2831 1103 2923 qui
1124 2853 1188 2925 per
1207 2831 1360 2923 speciem
1461 2827 1462 2830 '

286 2946 513 3040 simplicitatis
530 2943 576 3011 ad
591 2942 783 3012 nocendum
799 2943 971 3036 aliquibus
988 2943 1196 3037 subrepunt,
1217 2945 1364 3036 opposi-
1461 2959 1462 2962 ’

285 3062 447 3130 tissimus.
467 3057 522 3127 Ad
534 3059 619 3126 iram
637 3056 781 3144 tardus,
800 3057 844 3126 ad
863 3059 1129 3128 misericordiam
1150 3079 1300 3152 pronus,
1326 3061 1364 3125 in
1461 3093 1462 3116 ι

286 3178 439 3245 adversis
447 3177 585 3258 firmus,
600 3177 637 3242 in
647 3177 947 3268 prosperisoautns
959 3187 993 3244 et
1005 3175 1159 3255 humilis,
1177 3171 1366 3244 occultator
1461 3165 1462 3172 '

288 3295 453 3362 virtutum
472 3293 560 3360 sicut
580 3290 640 3359 alii
664 3293 838 3360 vitiorum.
861 3295 964 3360 Vane
989 3293 1107 3386 gloriae
1129 3305 1362 3382 contemptor,

288 3409 540 3490 othonorum,
562 3405 689 3499 quibus
712 3403 876 3499 praeditus
900 3429 937 3473 es
955 3428 1025 3473 non
1046 3403 1189 3473 acerbus
1209 3417 1365 3471 exactor.

287 3522 422 3592 Nullius
436 3518 699 3615 imprudentiam
717 3521 897 3616 despicias.
915 3523 998 3591 Rari
1011 3521 1176 3590 sermonis
1187 3521 1282 3613 ipse,
1302 3518 1369 3586 sed

289 3640 502 3733 loquentium
515 3641 660 3732 patiens.
673 3641 832 3722 Severus,
848 3663 917 3708 non
926 3663 1047 3723 sevus,
1064 3639 1124 3707 sed
1137 3633 1281 3706 bila'rem
1293 3659 1370 3705 non

267 3743 487 3853 'aspemans
512 3757 696 3851 sapientie
711 3757 858 3851 cupidus
873 3773 908 3828 et
928 3757 1067 3843 docilis,
1089 3779 1165 3850 quat
1182 3757 1271 3824 nosti
1290 3757 1371 3824 sine
1461 3763 1462 3806 l

292 3875 489 3968 arrogantia
503 3875 688 3969 postulanti
701 3875 898 3968 imparties,
915 3899 991 3967 quse
1006 3875 1201 3942 nescissine
1214 3871 1373 3940 occulta-
1461 3865 1462 3956 l

291 3993 384 4060 tione
401 3993 601 4083 ignorantiae
617 3991 682 4062 tibi
701 3992 834 4086 postula
852 3993 1034 4086 impartiri.
1055 3989 1131 4059 Non
1146 3987 1374 4058 conturbabit
1461 3961 1462 4056 l

291 4115 426 4206 sapiens
437 4137 548 4183 mores
562 4115 740 4208 publicos,
758 4139 822 4183 nee
833 4115 998 4209 populum
1013 4115 1050 4183 in
1068 4135 1104 4182 se
1122 4113 1200 4184 vita
1213 4113 1372 4180 novitate
1461 4097 1462 4166 ἶ

292 4244 480 4298 convertet.
500 4231 643 4297 iustitiae
660 4247 738 4324 post
757 4228 828 4300 bac
847 4231 954 4300 virtus
970 4247 1032 4298 est.
