2950 4934
266 399 307 441 no
556 369 599 436 L.
625 367 807 438 ANNAEI
829 367 1051 438 SENECAE

264 503 374 570 dare?
391 497 614 594 Philosophia
635 499 710 568 haec
730 523 807 568 cum
826 514 921 568 tanto
944 499 1171 568 habitantium
1187 502 1345 606 periculo

222 631 237 682 8
265 625 477 694 imminentia
496 639 586 692 tecta
607 621 816 715 suspendit?
837 625 964 692 Parum
988 624 1080 692 euim
1100 638 1174 692 erat
1193 624 1348 692 fortuitis

119 711 124 732 ⁸
265 745 356 836 tegi,
385 757 420 810 et
446 742 521 809 sine
544 757 618 808 arte
643 755 679 806 et
700 738 904 808 difficultate
930 740 1085 809 naturale
1102 737 1171 810 sibi
1186 743 1347 810 iuvenire

262 857 402 952 aliquod
425 851 695 948 receptaculum!
719 855 807 922 Mihi
823 855 944 938 crede,
971 855 1052 924 ielis
1075 855 1163 924 illud
1181 858 1343 926 saeculum

262 992 342 1044 aute
358 975 584 1072 ἆρχετέκτονας
601 973 678 1040 luit.
702 975 772 1040 Ista
789 991 869 1041 nata
886 989 966 1041 sunt
977 973 1050 1066 jam
1066 990 1228 1043 nascente
1243 974 1349 1044 luxu-

265 1091 335 1174 ria,
356 1093 392 1158 in
410 1088 615 1183 quadratum
635 1089 730 1182 tigna
752 1085 931 1171 decidere,
952 1105 1006 1171 et,
1029 1103 1145 1158 serra¹
1165 1114 1230 1184 per
1246 1090 1347 1159 desi-

265 1223 366 1300 gnata
384 1221 563 1288 currente,
586 1219 680 1273 certa
698 1229 801 1272 mauu
819 1204 952 1272 trabem
968 1203 1138 1273 scindere.

427 1335 494 1388 Nam
506 1333 581 1408 primi
592 1332 679 1386 cuneis
690 1333 839 1386 scindebant
850 1331 928 1386 fissile
941 1333 1044 1407 lignum
1054 1337 1074 1382 ².

265 1442 342 1507 Non
365 1441 457 1507 enim
480 1455 568 1507 tecta
589 1439 769 1506 coenatioui
780 1489 791 1523 ,
817 1433 983 1532 epulum³
1008 1455 1217 1534 receptura,
1240 1463 1345 1533 para·

195 1559 200 1571 '
269 1557 413 1642 bantur,
439 1557 561 1626 necin
588 1555 681 1624 bunc
705 1580 804 1624 usum
819 1558 923 1648 pinus
940 1574 1000 1626 aut
1015 1557 1110 1627 abies
1128 1557 1349 1626 deferebatur

270 1673 373 1766 longo
392 1671 631 1742 vehiculorum
655 1671 798 1758 ordine,
823 1674 909 1741 vicis
927 1671 1226 1757 intrementibus⁴‚
1248 1692 1286 1744 ut
1304 1700 1347 1745 ex

225 1803 242 1856 t
267 1786 327 1870 illa
350 1779 544 1856 lacunaria⁵
565 1809 650 1856 auro
674 1787 793 1879 gravia
808 1785 1012 1880 penderent.
1031 1791 1152 1858 Furcae
1173 1791 1348 1883 utrimque

267 1925 439 1997 suspense
449 1901 638 1972 fulciebant
648 1925 759 1970 casam
775 1928 783 1968 z
800 1903 950 1995 spissatis
960 1903 1159 1988 ramalibus,
1171 1929 1211 1973 ac
1222 1904 1349 1973 fronde

268 2033 433 2112 congesta
461 2033 496 2086 et
522 2019 559 2085 in
585 2016 739 2111 proclive
766 2017 948 2111 disposita,
975 2018 1138 2089 decursus
1155 2020 1345 2106 imbribus,

270 2136 427 2225 quamvis
444 2135 597 2227 magnis,
619 2146 703 2200 erat.
725 2132 796 2201 Sub
815 2133 870 2202 his
888 2134 986 2202 tectis
1004 2134 1203 2204 habitavere
1219 2137 1346 2205 securi.

271 2251 410 2320 Culmus
436 2250 564 2318 liberos
592 2253 696 2336 texit,
723 2250 787 2318 sub
811 2274 978 2320 marmore
1001 2268 1104 2344 atque
1129 2278 1212 2323 auro
1236 2255 1351 2323 servi-

273 2387 325 2438 tus
342 2367 486 2438 babitat.
515 2371 556 2438 In
582 2369 641 2436 illo
659 2391 797 2461 quoque
817 2368 981 2438 dissentio
997 2393 1017 2438 a
1033 2369 1234 2455 Posidonio,
1256 2372 1351 2465 quod

277 2483 513 2553 «ferramenta
531 2483 668 2552 fabrilia
684 2485 909 2578 excogitatas
926 2485 1136 2578 sapientibus
1155 2488 1238 2554 viris
1251 2486 1351 2580 judi-

276 2616 342 2667 cat.
362 2627 377 2664 s
399 2603 467 2670 Isto
484 2601 576 2668 enim
593 2598 692 2668 modo
712 2598 804 2668 dicat
819 2601 901 2669 licet
917 2598 1105 2692 Sapientes,
1122 2625 1187 2695 per
1202 2625 1287 2694 quos

439 2753 513 2806 Tunc
523 2751 620 2824 laqueis
634 2765 732 2824 captare
744 2753 808 2805 seras
818 2792 826 2818 ,
836 2766 862 2805 et
871 2753 958 2806 fellere
967 2753 1037 2806 visco

443 2837 594 2902 luventuur,
609 2849 635 2891 et
646 2857 755 2911 magnos
766 2837 873 2891 canibus
885 2838 1042 2892 circumdare
1051 2837 1128 2892 ultus
1136 2838 1156 2892 ⁶.

220 2939 233 2976 Ι

236 2940 253 2975 ⁰
278 2970 403 3040 Omnia
428 2969 518 3035 enim
544 2969 607 3036 ista
628 2969 794 3062 sagacitas
810 2965 1005 3052 bominum,
1026 2993 1096 3036 nou
1115 2969 1280 3063 sapientia
1297 2970 1355 3036 iu-

279 3084 384 3154 venit.
407 3084 448 3151 In
464 3083 530 3151 hoo
550 3107 687 3178 quoque
705 3083 890 3166 dissentio,
913 3083 1119 3175 «Sapientes
1145 3082 1269 3168 fuisse,
1292 3085 1357 3173 qui

281 3301 305 3343 et
323 3287 405 3340 Varro
426 3287 457 3340 ll.
476 3287 508 3340 R.
528 3291 585 3354 lll,
603 3309 631 3354 ¹⁷
651 3302 796 3345 memorent
877 3292 901 3357 4.
916 3290 992 3344 Vtcis
1009 3291 1210 3345 inerementtbus.
1223 3287 1359 3341 luvenalis

282 3365 349 3418 bunc
364 3366 460 3416 luxum.
473 3363 564 3417 Ruth.
846 3369 900 3421 Sat.
919 3385 953 3423 ιιι
970 3389 976 3424 :
993 3391 1008 3417 e
1020 3365 1130 3420 ...blodo
1147 3367 1225 3440 longe
1243 3378 1361 3420 coruscat

319 3462 339 3494 r.
352 3441 501 3494 Seruaeum
514 3443 589 3495 Grut.
599 3443 666 3516 Lips.
674 3456 699 3496 et
713 3443 795 3499 Gron.
846 3447 952 3502 Sarraco
964 3447 1083 3500 veniente
1096 3445 1178 3508 abies,
1193 3458 1268 3515 atque
1279 3445 1360 3499 alters

284 3521 452 3574 ecoddd‘inc.
460 3521 492 3573 al.
501 3524 796 3596 recepi.Antesserm.R.
846 3527 935 3600 pinum
947 3527 1063 3581 Plaustra
1072 3524 1170 3578 vehunt
1179 3542 1185 3576 :
1195 3537 1287 3578 nutam
1294 3524 1362 3588 alte,

316 3617 340 3654 a.
354 3597 477 3668 Lignum.
498 3599 591 3653 Versus
613 3613 650 3653 est
672 3601 795 3674 Virgilii,
846 3605 991 3679 populoque
1005 3605 1167 3657 minantur.»

285 3677 332 3728 Ge.
346 3678 376 3742 l,
393 3677 448 3742 144.
459 3677 550 3729 Ruth.
879 3685 903 3736 5.
917 3685 1077 3737 lacunaria
1093 3684 1158 3753 Qu:
1170 3701 1217 3734 nos
1231 3681 1360 3752 plasonds

318 3753 342 3804 3.
361 3752 487 3820 Eprslum.
505 3754 633 3827 Magnum
647 3769 671 3808 et
683 3757 797 3831 amplum
846 3780 974 3814 vocemus.
988 3762 1028 3815 Cf.
1046 3761 1109 3813 llor-
1123 3759 1208 3812 Carm.
1225 3759 1323 3825 11,18,
1345 3778 1362 3808 2

285 3832 441 3886 convivium.
449 3835 504 3886 Nec
512 3833 640 3906 displiceat
647 3838 722 3890 scribi
731 3878 737 3903 ‚
747 3860 797 3906 ρο-
848 3838 909 3912 iutp.
921 3840 1022 3893 Ernesti
1034 3840 1066 3892 sd
1081 3841 1151 3893 Suet.
1163 3839 1259 3890 Neron.
1271 3838 1311 3902 34.
1323 3836 1364 3889 Ii·

283 3915 393 3978 pulerit
405 3911 440 3963 ita
449 3911 545 3964 Seuera
555 3912 625 3986 epist.
634 3927 692 3967 cxv.
705 3918 800 3982 Capu·
881 3919 905 3972 b.
919 3918 1020 3973 Saltus.
1037 3921 1099 3973 Mox
1113 3937 1200 3970 versus
1217 3930 1254 3968 est
1266 3916 1363 3988 Virgil.

285 4007 339 4042 cem
348 3991 441 4058 populi
449 3993 625 4043 cenationem.
637 3989 800 4063 L.-Epu-
849 3997 896 4050 Ge.
915 3997 939 4060 l,
956 3997 1012 4068 idq.
1028 3999 1070 4050 De
1087 4015 1219 4069 progressu
1237 3993 1364 4047 bomani-

285 4071 355 4132 Ium,
367 4068 449 4140 iuquit
458 4069 557 4131 Ruit..
568 4071 635 4140 quod
649 4073 745 4146 populo
756 4073 800 4126 da·
849 4073 906 4127 tetis
922 4073 1014 4127 similis
1031 4074 1108 4128 babet
1123 4073 1224 4125 vitruv.
1237 4073 1278 4138 ll,
1297 4092 1306 4124 t
1322 4072 1363 4124 sd.

285 4144 359 4198 betur
372 4145 527 4200 convivium.
542 4147 581 4200 De
592 4147 682 4201 Beuef.
696 4151 714 4202 l.
732 4171 770 4203 sa.
851 4152 937 4206 Rodii.
951 4153 1039 4206 ltutk.
