2950 4934
358 391 425 483 ⁵7⁰
720 391 877 462 rusr1
900 383 1064 463 mrsu

355 532 451 592 riticru
459 541 622 594 contemnat
631 529 722 606 ,viles
729 557 812 596 eures
822 546 908 596 exuat
917 579 925 612 ,
934 558 1040 618 quum,
1054 537 1132 598 velut
1141 539 1264 619 petriam
1276 551 1308 598 et
1320 540 1413 596 urbem

356 635 497 698 mundum
517 638 572 696 sibi
594 639 774 700 circumdati
792 640 899 702 Seneca
920 639 1054 724 (Consol.
1080 643 1118 704 ed
1142 643 1267 726 Helv.):
1286 670 1303 697 α
1326 643 1423 723 Magno

355 745 451 804 animo
464 765 517 802 nos
531 767 589 804 non
604 746 689 804 unius
699 747 779 808 urbis
793 747 936 810 moenibus
949 749 1132 824 inclusimus,
1144 751 1238 810 sedin
1253 753 1347 810 totius
1357 751 1422 809 orbis

355 850 557 910 commercium
567 852 730 926 emisimus,
742 855 920 936 patriamque
931 855 1013 918 nobis
1024 857 1145 937 professi
1159 879 1259 916 sumus
1270 857 1421 928 Mundum,

354 967 388 1016 ut
396 955 497 1016 liceret
508 957 637 1018 latiorem
651 981 787 1042 campum
799 961 896 1022 virtuti
913 961 991 1022 dare.
1009 989 1023 1015 r
1038 961 1113 1023 Sane
1128 963 1241 1034 omi,
1260 977 1292 1022 et
1306 963 1422 1022 maxine

354 1063 464 1121 ceritati
479 1085 512 1122 nc
527 1085 600 1123 curae
615 1067 727 1145 generis
743 1064 872 1126 humani.
893 1065 1000 1127 Omnes
1019 1069 1104 1126 unius
1123 1067 1202 1127 rubis
1222 1069 1305 1126 cives
1321 1089 1419 1127 summ

354 1168 454 1228 Cicero
468 1168 504 1228 de
523 1169 623 1229 Stoicis
635 1169 700 1252 (lv
715 1169 752 1231 ‹le
769 1169 879 1254 Fin.)=
900 1199 913 1226 ι
927 1172 965 1232 lt
984 1186 1090 1256 quanta
1109 1171 1271 1233 conantur?
1286 1172 1420 1232 Mundum
1455 1233 1456 1254 χ

353 1273 430 1334 hunc
441 1297 554 1335 omnem
563 1277 701 1358 oppidum
709 1299 771 1338 esse
779 1291 918 1340 nostrum.
927 1279 1060 1340 Incendit
1068 1280 1155 1362 igitur
1164 1299 1224 1352 eos,
1234 1281 1287 1358 qui
1296 1278 1418 1337 audiunt.
1455 1257 1456 1312 l

353 1380 443 1442 Vides
453 1395 589 1463 qnantum
600 1405 660 1444 rem
669 1406 736 1468 ngas
747 1385 801 1443 lut
811 1385 927 1446 Circeiis
937 1407 988 1468 qur
980 1384 1115 1457 habitet,
1126 1384 1203 1445 hunc
1213 1406 1338 1444 omnem
1348 1383 1421 1443 Mun·

354 1488 424 1548 dum
438 1510 521 1548 suum
535 1491 724 1570 municipium
735 1511 797 1550 esse
809 1491 962 1550 existimet.
979 1489 1043 1550 Et
1051 1512 1118 1550 vero
1132 1490 1205 1549 hanc
1215 1489 1420 1549 communionis

354 1597 492 1655 rationem
503 1595 632 1655 Pontifici
646 1594 811 1656 ludaeorum
826 1593 935 1655 luisse
927 1619 957 1655 m
972 1597 1059 1656 animi
1052 1596 1181 1670 oculis,
1198 1595 1284 1654 Philo
1294 1563 1456 1677 praedicati

354 1807 451 1880 dotes,
464 1830 521 1866 non
531 1809 587 1867 nisi
597 1831 649 1890 pro
659 1809 737 1883 siris,
752 1822 780 1868 et
788 1809 906 1884 amicis,
920 1821 949 1868 et
957 1809 1066 1870 civibus
1077 1822 1141 1870 vota
1152 1822 1201 1868 aut
1209 1830 1294 1869 sacra
1306 1809 1419 1878 facium,
1455 1869 1456 1888 Ξ

353 1699 593 1782 (DeMonarehia
607 1699 677 1783 Il).
694 1702 816 1778 *Quum
829 1703 905 1762 enim
917 1704 1052 1784 ,iuquit,
1067 1703 1331 1785 uliammgentium
1342 1723 1456 1762 sacer

353 1936 480 1976 summus
493 1913 657 1975 Judaeorum
669 1914 820 1991 Pontifex,
836 1939 895 1976 non
909 1915 1001 1976 solum
1017 1937 1070 1997 pro
1083 1926 1142 1975 toto
1155 1937 1262 1998 genere
1275 1915 1418 1984 humano,
1455 1901 1456 1970 l

353 2021 442 2082 sedet
452 2043 504 2103 pro
518 2035 624 2082 nuturae
637 2023 1037 2103 omnibuspnrtibus,terrn,
1053 2011 1146 2104 aqua,
1161 2045 1225 2084 nere
1260 2023 1334 2104 igne
1366 2043 1421 2102 prr·
1455 2057 1456 2110 ι

299 2165 304 2173 -
353 2149 400 2188 ces
414 2139 564 2210 gratesque
578 2128 703 2209 concipit
718 2151 727 2186 ι
744 2125 886 2188 Mundum
899 2125 976 2188 hunc
991 2123 1225 2212 existimans(uti
1240 2149 1348 2188 revera
1367 2124 1420 2208 est)
1455 2111 1456 2202 l

353 2235 475 2316 putrium
488 2255 569 2294 sunm
585 2256 658 2296 esse.
675 2261 689 2288 s
706 2234 842 2297 Fructum
858 2236 1004 2296 sententie
1019 2235 1099 2294 vides
1115 2258 1124 2292 ι
1147 2245 1175 2296 et
1191 2235 1265 2295 adde
1279 2235 1419 2306 alterum,
1455 2251 1456 2288 ³

354 2339 391 2401 de
401 2337 511 2399 Exsilio
522 2362 530 2410 ;
541 2339 620 2422 quod
630 2361 690 2401 esse
702 2340 813 2400 nullum
825 2353 917 2421 potest
927 2341 967 2402 sic
979 2342 1113 2400 animato.
1132 2367 1147 2395 ι
1159 2338 1343 2400 Emetinmur
1353 2341 1420 2399 enim

353 2466 547 2527 wmenmque
564 2457 675 2518 terres,
694 2445 802 2506 nullam
822 2447 952 2508 invenire
969 2447 1042 2508 intra
1056 2445 1199 2506 Mundum
1214 2458 1278 2519 est,
1303 2447 1420 2506 alienam
1455 2475 1456 2516 3

353 2553 446 2614 nobis.
466 2578 481 2606 s
495 2549 579 2636 (Seu.
595 2553 633 2613 nd
645 2553 734 2613 Helu.
751 2575 815 2636 cop.
835 2550 900 2634 rr.)
913 2553 960 2613 Sic
975 2555 1061 2637 igitur
1075 2551 1111 2614 de
1120 2551 1231 2612 Mundo
1245 2552 1337 2612 Stoici
1353 2551 1419 2612 :eui
1455 2523 1456 2544 l

356 2657 463 2720 Calon
479 2659 565 2719 etiam
581 2659 749 2734 Civitatem,
764 2673 792 2719 ct
805 2659 921 2741 quidem
933 2659 1066 2741 proprie,
1079 2659 1103 2718 si
1117 2657 1258 2717 Clementi
1269 2659 1419 2726 credimus,
1455 2661 1456 2708 l

353 2766 453 2827 volunt
465 2765 533 2827 dici.
549 2765 603 2825 llle
619 2786 708 2846 quum
727 2765 867 2825 caelestem
881 2767 1025 2826 civitatem
1039 2766 1070 2825 in
1086 2765 1176 2826 sacris
1192 2763 1317 2848 legeret,
1337 2779 1367 2824 et
1385 2767 1421 2823 rei

347 2873 410 2934 'sure
425 2886 550 2956 opturet,
563 2872 643 2933 addit
655 2870 718 2954 (IV
734 2870 837 2933 Strom.
855 2871 885 2932 in
900 2871 977 2954 fine)
995 2896 1004 2931 ε
1021 2871 1154 2934 «Dicunt
1169 2883 1198 2932 et
1212 2871 1301 2932 Stoici
1320 2871 1421 2930 caetnn

353 2982 468 3064 proprie
480 2981 622 3041 civitatem
634 3000 713 3050 esse5
732 3000 795 3060 qun
810 2989 904 3039 nutem
919 2977 996 3038 hic
986 3000 1016 3037 ιιι
1032 2991 1108 3038 terra
1119 2991 1186 3038 sunt
1201 2977 1357 3052 ciuitates,
1371 2977 1422 3037 diei

353 3089 487 3172 quidem,
505 3101 606 3150 utnon
623 3086 814 3164 esse.anuo
833 3108 886 3169 ego
906 3085 1050 3148 Plutarchi
1069 3086 1326 3169 reprehensionem
1342 3107 1422 3168 spec-

354 3206 428 3252 tusse
445 3194 589 3267 arbitror,
606 3193 660 3252 etsi
682 3191 793 3251 verbu
785 3213 815 3250 m
831 3189 937 3250 Gnecis
949 3189 1033 3273 (meo
1047 3189 1163 3274 quidem
1180 3189 1279 3272 libro)
1294 3203 1423 3271 corrupt:

355 3312 404 3359 out
423 3321 524 3358 manca
545 3309 638 3360 sunt:
658 3295 743 3358 «sed
765 3309 795 3358 et
818 3299 917 3372 aiunt,
939 3297 1058 3358 deornm
1075 3297 1190 3358 ‹lomrun
1204 3295 1327 3378 (putem
1352 3299 1424 3356 enim

355 3406 536 3466 scribendum
548 3448 557 3479 ,
567 3404 672 3467 θεῶν
646 3429 715 3468 ornos
727 3448 736 3480 ,
749 3426 801 3486 pro
811 3407 842 3465 ιδ
853 3415 950 3478 ortior,
962 3403 1039 3486 quod
1050 3405 1160 3464 nullum
1172 3423 1289 3462 sensum
1300 3400 1423 3484 ιιι-εὔει]

356 3533 419 3573 esse
435 3512 603 3584 civitatem,
625 3512 702 3571 cives
725 3523 821 3572 nutem
845 3511 958 3583 stellas,
982 3510 1018 3571 ad
1040 3509 1094 3570 lsoc
1115 3511 1199 3571 etium
1224 3510 1376 3582 tribules,
1402 3523 1425 3568 et

354 3621 532 3703 magistratus
554 3642 563 3679 ι
579 3640 684 3700 nempe
701 3617 795 3679 Solem
808 3618 895 3678 etium
920 3618 1102 3691 senatorem,
1124 3631 1152 3678 et
1164 3617 1332 3697 Hesperum
1357 3617 1425 3698 Pry-

355 3727 445 3787 tanim
465 3726 512 3786 rel
531 3723 664 3787 AEtlilem.
684 3751 700 3780 ι
720 3723 787 3809 (De
801 3725 951 3785 Commnn.
972 3721 1064 3806 Not.)
1077 3722 1138 3784 Nisi
1160 3724 1251 3806 magis
1268 3737 1370 3784 tamen
1389 3735 1426 3782 est

355 3832 413 3914 legi
429 3836 474 3895 τόν
495 3837 590 3916 acopos
614 3833 699 3905 cirne,
726 3843 756 3892 et
776 3832 948 3892 concinnare
973 3830 1085 3890 divulsa
1109 3843 1221 3914 :atque
1242 3829 1280 3890 sd
1301 3832 1425 3912 priorem

357 3939 511 4020 imaginem
530 3939 568 3999 de
585 3939 697 4000 Mundo
719 3949 778 3997 toto
799 3935 929 4012 relerre,
946 3938 993 3997 cui
1013 3935 1064 3996 Dii
1079 3937 1187 3997 scilieet
1207 3948 1238 3997 et
1260 3937 1371 3997 coelites
1391 3938 1425 3995 iffi

356 4056 489 4125 parunt.
508 4043 600 4120 Quem
620 4046 723 4106 iterum
736 4043 792 4102 nlin
803 4042 947 4126 imagine,
966 4055 995 4103 et
1006 4043 1095 4128 magis
1110 4055 1248 4127 nugmtn,
1269 4045 1427 4104 assimilant

356 4151 440 4211 etiem
467 4171 532 4212 cnm
552 4151 682 4232 Templo.
709 4151 816 4212 Seneca
838 4147 905 4232 (De
927 4149 1027 4212 Benel.
1050 4149 1131 4224 vll,
1154 4171 1218 4234 cap.
1242 4149 1279 4234 Ἰ)
1301 4175 1311 4211 ι
1331 4179 1346 4204 ιι
1368 4151 1428 4212 Το-
