2950 4934
378 478 649 549 nrrsrons
673 425 845 548 cxvii.
906 477 909 486 ·
1087 502 1154 571 ²99

81 604 294 683 obstetricem
306 618 314 649 ¹
328 612 532 707 parturienti
547 612 625 681 iiliae
636 610 801 681 sollicitus
812 610 967 694 umescit,
984 607 1154 678 'edictum

81 748 111 799 et
127 728 288 799 ludorum
308 727 463 799 ordinem
483 728 654 822 perlegit:
671 752 789 809 nemo,
807 728 868 820 qui
890 723 936 795 ad
957 723 1156 794 incendium

82 847 197 917 domus
211 872 279 917 suae
293 848 419 932 currit,
435 840 607 915 tabulam³
623 844 902 915 latrunculariam
916 844 1102 937 perspicit,
1117 858 1157 911 ut

80 966 159 1032 sciat
168 1015 179 1049 ,
196 963 367 1058 quomodo
381 955 563 1057 alligatus⁴
581 978 677 1031 exeat
693 961 857 1031 calculus.
879 960 926 1030 At
943 959 1157 1029 mehercules
1181 966 1212 1020 31

81 1081 192 1147 omnia
207 1079 272 1146 tibi
289 1078 443 1171 undique
462 1079 683 1163 nuntiantur,
703 1093 738 1147 et
756 1075 955 1146 incendium
967 1074 1107 1161 domus,
1123 1090 1159 1143 et

79 1195 269 1288 periculum
288 1194 494 1277 liberorum,
516 1210 551 1263 et
570 1194 739 1262 obsidium
761 1195 900 1287 patriae,
930 1207 964 1262 et
987 1192 1158 1261 bonorum

79 1310 253 1406 direptio:
273 1312 384 1405 adjice
403 1313 477 1381 istis
495 1311 694 1405 naufragia,
717 1325 895 1403 motusque
913 1314 1102 1394 terrarum,
1124 1325 1160 1379 et

80 1428 250 1523 quidquid
263 1429 358 1497 aliud
374 1430 488 1498 timeri
501 1445 624 1522 potest.
638 1431 733 1497 Inter
746 1431 810 1498 ista
821 1428 1016 1511 districtus,
1032 1427 1154 1511 rebus,

79 1547 164 1615 nihil
183 1547 279 1616 aliod
292 1570 394 1640 quam
407 1548 558 1615 animum
573 1546 842 1628 oblectantibus,
858 1546 985 1614 vacas?
1003 1544 1087 1637 quid
1104 1544 1160 1612 in·

79 1676 129 1729 ter
138 1662 368 1755 Sapientiam,
387 1678 422 1731 et
438 1685 558 1755 sapere
573 1660 707 1729 intersit
716 1710 728 1745 ,
744 1660 917 1752 inquiris?
927 1657 1035 1727 nodos
1050 1658 1159 1728 nectis

79 1802 117 1846 ac
139 1777 264 1863 solvis,
292 1794 385 1857 tanta
405 1778 493 1847 mole
513 1774 733 1871 impendente
750 1776 856 1869 capiti
879 1776 966 1844 tuo?
988 1777 1066 1844 Non
1089 1790 1158 1843 tam
1184 1790 1216 1844 32

79 1894 268 1990 benignum
282 1920 322 1965 ac
335 1888 502 1965 liberale⁵
518 1910 651 1989 tempus
665 1909 788 1962 natura
801 1892 901 1960 nobis
914 1890 1030 1975 dedit,
1047 1909 1086 1960 ut
1099 1894 1160 1961 ali·

80 2010 163 2104 quid
189 2037 230 2082 ex
244 2013 306 2082 illo
328 2028 425 2081 vacet
443 2008 607 2107 perdere!
630 2014 673 2079 Et
690 2011 789 2096 vide,
811 2034 915 2103 quam
933 2010 1038 2079 multa
1057 2011 1159 2079 etiam

81 2128 355 2223 diligentissimis
367 2146 510 2226 pereant
525 2156 533 2197 ε
551 2127 647 2197 aliud
658 2127 818 2198 valetudo
832 2153 893 2197 sua
909 2130 1034 2222 cuique
1047 2127 1160 2199 ahstu-

80 2241 137 2325 lit,
152 2244 252 2313 aliud
262 2268 417 2326 suorum;
431 2241 526 2312 aliud
536 2244 727 2311 necessaris
741 2244 896 2337 negotia,
913 2240 1007 2310 aliud
1021 2242 1160 2335 puhlics

80 2376 356 2452 occupaverun13
383 2361 484 2427 vitam
511 2358 689 2427 nobiscum
707 2356 831 2426 dividit
855 2382 1004 2426 somnus.
1025 2362 1075 2427 Ex
1094 2358 1160 2427 hoc

81 2490 257 2570 tempore,
278 2492 346 2545 tam
363 2491 508 2569 angusto
526 2492 561 2544 et
579 2474 718 2570 rapido,
739 2491 775 2542 ct
789 2499 850 2543 nos
861 2475 1057 2559 auferente,
1075 2476 1160 2569 quid

75 2592 173 2683 jurat
193 2593 355 2687 majorem
374 2609 506 2687 partem
525 2594 660 2660 mittere
677 2594 714 2661 in
730 2593 883 2662 vanum?
903 2591 1024 2684 Adjicc
1045 2618 1155 2679 nunc,
1184 2605 1218 2657 33

81 2707 175 2801 quod
191 2709 355 2778 assuescit
368 2711 502 2778 animus
516 2707 687 2777 delectare
702 2732 737 2775 se
753 2709 883 2802 potius,
901 2732 1003 2800 quam
1017 2732 1156 2795 sanare,

80 2841 114 2893 et
128 2827 385 2921 Philosophiam
404 2826 689 2917 oblectamentum,
700 2825 832 2908 facere,
849 2850 953 2918 quum
967 2825 1158 2895 remedium

81 2946 136 3013 sit.
152 2946 251 3015 Inter
261 2946 469 3039 Sapientiam
485 2959 519 3011 ct
534 2942 750 3038 superequid
764 2944 920 3029 intersit,
934 2945 1050 3012 nescio
1065 2969 1073 3010 :
1090 2945 1159 3013 scio

81 3084 156 3132 msa
181 3084 252 3129 non
270 3061 454 3147 interesse,
482 3060 585 3127 sciam
610 3060 691 3139 ista,
711 3082 755 3125 an
778 3060 939 3127 nesciam.
960 3060 1026 3129 Dic
1042 3060 1127 3139 mihi
1148 3086 1158 3129 ι

114 3320 137 3354 ι.
152 3300 307 3371 Nemo,pni
314 3302 473 3356 obstetricem
482 3340 488 3368 ,
498 3312 544 3355 ste.
555 3300 600 3353 Si·
649 3298 730 3363 neris,
744 3300 806 3353 item
818 3299 924 3355 nomina
939 3315 963 3356 st
976 3303 1046 3377 paria
1056 3304 1162 3375 gladia-

82 3378 142 3432 milc
156 3392 193 3431 est
208 3378 338 3453 Adagium
349 3400 424 3453 graec.
433 3380 502 3451 quod
512 3379 599 3431 laudat
648 3389 732 3431 torum
744 3398 751 3442 ;
770 3378 868 3432 scilicet
888 3380 1029 3436 allicienda
1042 3382 1123 3456 plebi,
1138 3397 1162 3436 st

82 3456 206 3510 Erasmus
225 3458 254 3510 in
272 3458 379 3531 Adtg.r
400 3456 469 3511 Chil.
481 3458 506 3509 X
524 3458 598 3510 Cent.
649 3457 827 3527 exspectationi
840 3460 1044 3513 commovendas.

82 3554 119 3586 nr.
133 3534 168 3587 38
178 3553 188 3589 τ
197 3534 270 3605 'Anip
280 3536 305 3590 dl
317 3536 404 3605 pniyus
416 3538 443 3589 οὗ
455 3538 515 3605 piru
529 3534 597 3606 λῦρας
681 3536 703 3589 3.
718 3535 852 3589 Tabulam
873 3540 983 3590 latrone.
1003 3540 1014 3605 (
1021 3544 1088 3601 im
1100 3537 1162 3591 d'e'-

83 3610 183 3673 aduss-
196 3612 288 3665 Ruth.
645 3614 734 3683 thess).
746 3614 786 3669 Cf,
796 3615 828 3667 sd
839 3615 885 3688 Ep.
897 3629 956 3678 cvr,
967 3636 993 3668 ιι
1005 3654 1012 3681 ,
1024 3616 1055 3668 de
1065 3616 1162 3668 Brevit.

114 3688 288 3751 afflictum,
299 3702 346 3741 stc.
357 3688 499 3744 Lihslliant
506 3690 598 3745 nbula
646 3691 691 3746 rit.
701 3712 723 3744 c.
734 3692 764 3745 13
774 3733 782 3758 ,
792 3692 824 3745 de
833 3693 977 3765 Tranquill.
986 3714 1007 3745 c.
1023 3695 1060 3759 ¹4·
1070 3693 1161 3747 nuta.

82 3764 110 3817 in
121 3766 227 3839 publico
242 3768 350 3843 proponi
362 3769 442 3823 solitae
457 3769 540 3844 (apud
553 3790 599 3823 nos
681 3772 705 3837 4.
717 3774 864 3842 Alligatus,
876 3774 919 3844 qui
932 3773 967 3824 ita
977 3772 1100 3838 obsessus,
1112 3771 1164 3825 eir-

82 3844 600 3920 qfficbeslspparatnmcmnemlndorum,
648 3863 799 3903 cumventus
807 3863 873 3916 snt,
884 3863 913 3902 ot
924 3849 1023 3902 moveri
1032 3851 1088 3903 sinc
1096 3850 1163 3921 peri·

82 3934 199 3997 tempus,
208 3924 322 3977 ordinem
328 3965 337 3988 ,
344 3938 390 3978 etc.
397 3924 550 3979 indicebant.
560 3928 600 3979 Cf.
650 3928 707 3981 culo
717 3948 769 3980 nun
778 3941 867 4002 posset.
877 3927 916 3979 Cf.
925 3925 1106 3980 Wernsdorfii
1114 3927 1164 3979 Er·

81 4001 113 4053 de
122 4000 276 4069 BensiVl,
291 4022 317 4065 1,
330 4004 409 4076 lipsii
419 4004 599 4071 Saturnal,ll,
651 4025 714 4059 curs.
727 4006 763 4057 xl
774 4006 802 4057 in
813 4006 860 4057 'l'o.
872 4006 908 4057 lv
921 4007 993 4057 Post.
1004 4006 1058 4058 Lat·
1071 4004 1162 4057 minor.

85 4078 123 4130 18.
135 4078 215 4129 Re·
224 4082 289 4133 Ante
302 4081 423 4134 ludorum
438 4102 549 4155 pugnas,
566 4083 602 4135 ait
650 4104 674 4155 p.
689 4084 738 4149 413
748 4104 786 4155 sq.
799 4084 888 4136 Rutk.

81 4156 288 4221 Juretusmor'n
298 4171 364 4221 stat,
373 4160 491 4214 uteditor
500 4159 601 4213 libellos
685 4164 708 4213 5.
719 4162 780 4215 Non
790 4174 847 4214 tam
861 4162 1000 4232 benignum
1012 4180 1045 4214 ac
1058 4161 1164 4214 b‘lserale

83 4252 254 4318 proponeret,
265 4238 601 4310 inquibusdietl'uturimn·
652 4252 762 4310 tempus.
782 4242 831 4295 lut.
850 4253 901 4293 tam
919 4240 1032 4313 maligne
1051 4253 1076 4292 et
1090 4258 1163 4313 parts
