2950 4934
250 451 490 522 Pnrsrou.
515 451 766 523 scorcoa.
793 453 889 522 mn.
914 455 942 522 1.
1062 461 1129 549 ὄις,

72 600 170 660 umvis
180 598 306 658 subitum
316 595 442 676 aliquid,
454 591 505 655 aut
518 590 726 676 inopinatum'a
742 595 837 680 Magia
855 599 1006 658 intervenit
1017 599 1029 680 l
1039 613 1133 681 neque

73 707 144 764 euim
156 701 306 786 negamus)
319 727 328 776 ¹,
340 713 437 762 nostru
445 713 547 762 tumen
562 719 649 760 sensu
662 701 693 761 id
706 703 738 762 iit
750 745 759 776 ,
773 701 837 763 Dec
848 705 906 783 jam
916 715 983 764 ante
996 705 1088 765 visum
1105 720 1134 765 ct

73 811 179 870 scitum.
196 809 296 882 Telis,
312 807 397 880 dico,
413 807 463 866 illu
478 807 572 866 subita
591 823 697 881 causa,
713 807 790 868 inter
800 809 910 868 medias
926 822 990 886 cst,
1007 823 1036 872 et
1049 811 1136 892 adju-

73 917 152 976 trices
166 915 243 974 illius
256 913 329 974 Fati.
343 912 428 987 Quod
443 925 539 972 sutem
553 911 590 972 de
604 913 729 972 Publicis
743 915 802 987 ait,
819 923 876 973 nun
887 917 990 976 mutari
1003 958 1013 988 ,
1025 917 1056 978 id
1069 931 1137 978 sune

74 1041 189 1094 verum,
205 1043 259 1081 uec
272 1019 363 1102 magis
375 1029 471 1078 tamen
485 1018 638 1092 minusve,
653 1039 739 1100 qnam
754 1020 867 1080 Privata
882 1043 891 1078 ι
908 1021 959 1082 sed
970 1020 1024 1082 hoc
1036 1026 1140 1106 singu-

78 1129 133 1189 lnr‘e
147 1127 274 1200 habent,
298 1125 376 1207 quod
396 1123 521 1184 nolucrit
540 1125 665 1185 minutus
685 1127 753 1185 istus
777 1125 884 1186 Genius
909 1127 957 1188 hic
980 1130 1089 1206 inseri,
1112 1146 1141 1192 ct

74 1247 156 1294 tunam
170 1233 242 1296 illud
255 1233 379 1294 nutabile
393 1244 422 1292 et
434 1227 530 1292 nubile
544 1233 672 1314 regimen
692 1233 768 1308 sibi,
784 1245 834 1294 aut
853 1221 1000 1296 altioribus
1014 1235 1138 1312 Geniis,

74 1342 231 1402 asservavit.
244 1338 346 1421 ltaque
362 1339 468 1398 mirum
481 1341 549 1398 sutis
561 1350 621 1412 cst,
632 1351 748 1399 omnem
758 1337 907 1400 Genialem
924 1342 1054 1402 collatum
1068 1365 1140 1425 ope·

73 1470 129 1508 ram
143 1448 216 1507 nihil
230 1447 261 1506 in
274 1445 388 1528 Regum
402 1444 520 1504 consilia
538 1445 586 1504 vel
601 1452 726 1518 amana,
743 1446 816 1506 nihil
832 1449 862 1506 ln
878 1447 1012 1508 iudicum
1026 1449 1140 1510 ‹lecreta

74 1567 119 1614 aut
131 1574 231 1636 paenas
244 1575 253 1612 t
265 1550 365 1626 addc,
382 1559 484 1632 partun
497 1563 548 1610 eut
558 1551 631 1609 nihil
646 1553 677 1610 in
693 1571 753 1610 rem
770 1556 981 1630 nummtrian‘r,
1002 1564 1052 1616 tut
1071 1556 1141 1616 the'-

74 1681 187 1732 saurus,
202 1679 296 1741 posse.
313 1657 380 1716 Vim
396 1657 508 1716 illorum
523 1668 552 1716 et
568 1657 752 1718 subtilitatem
770 1657 795 1716 si
809 1657 910 1733 vides,
924 1660 996 1740 quid
1009 1659 1138 1734 facilius,

73 1787 153 1846 qmm
164 1768 197 1824 iu
209 1764 339 1824 cubicula
350 1762 515 1844 Principum
525 1761 683 1842 irrumpere
696 1803 705 1833 ,
718 1761 828 1822 litteras
835 1763 935 1824 tollere
947 1807 955 1839 ,
968 1775 1016 1824 aut
1030 1781 1142 1849 suppo'-

72 1872 161 1932 nere?
174 1874 206 1930 in
223 1892 316 1931 usuam
331 1889 424 1927 meam
441 1879 490 1926 aut
503 1867 597 1927 Crassi
611 1867 705 1946 potius
720 1866 839 1946 alicujus
854 1875 1020 1948 penetrum,
1037 1883 1065 1930 et
1082 1874 1140 1930 vina

72 1979 195 2058 pecunias
217 1977 351 2047 auferre,
368 1973 510 2033 clientulis
528 1973 588 2031 suis
612 1971 732 2053 largiri?
756 1971 821 2030 Nun
844 1986 987 2054 possuntt
1012 1973 1142 2035 tenenat
1276 2007 1285 2025 ·

73 2085 228 2167 benignus,
253 2095 284 2143 ct
296 2082 386 2140 nostri
407 2090 521 2138 curatur
535 2078 615 2139 Deus
629 2102 638 2150 ;
652 2097 690 2138 ne
706 2079 731 2136 si
748 2077 805 2138 hnc
822 2079 889 2138 talia
910 2077 1033 2154 iaciant,¹
1050 2083 1141 2164 magis

74 2191 108 2251 cd
121 2212 151 2250 se
164 2191 309 2262 alliciant,
324 2201 353 2247 et
367 2188 397 2244 in
412 2185 577 2245 barathrum
594 2204 692 2245 secum
703 2185 829 2244 trahant.
846 2187 941 2267 Atque
956 2185 1009 2246 hoc
1025 2188 1061 2248 de
1071 2187 1140 2248 Mas

74 2298 116 2377 gia
133 2297 239 2378 igitur,
255 2315 291 2353 cx
310 2303 379 2352 vert)
401 2293 425 2350 si
443 2290 524 2350 vides
536 2318 544 2363 ,
568 2311 627 2348 non
644 2289 748 2350 refellit
769 2288 870 2350 Fatum
896 2309 904 2350 t
929 2293 953 2350 si
978 2311 1015 2353 ex
1034 2292 1140 2354 Luctni

74 2421 174 2476 sensu,
190 2399 310 2472 tuneo,
326 2410 356 2458 et
367 2418 406 2456 uc
418 2397 467 2456 ille
478 2417 592 2477 quoque
605 2397 727 2456 voluerit
739 2395 849 2478 (supra
864 2397 972 2457 dictum
982 2395 995 2478 )
1006 2419 1071 2459 cum
1082 2415 1140 2482 ps*-

75 2520 133 2566 truc
142 2529 194 2568 suo
206 2505 312 2588 negligi
322 2504 465 2564 interdurn
477 2523 540 2576 res,
551 2515 602 2561 nut
612 2502 636 2562 F
637 2515 682 2562 sta
691 2497 878 2581 Singulcncm.
892 2505 990 2564 Altera
1003 2507 1117 2586 injectio
1129 2551 1136 2581 ‚

75 2611 108 2671 de
121 2611 272 2685 Precibus,
285 2623 314 2670 et
323 2611 417 2669 Deum
430 2607 506 2670 flecti
521 2631 554 2667 ac
562 2610 676 2668 mutari.
691 2608 746 2668 Pru
759 2608 847 2689 vulga
859 2611 927 2668 satis
937 2609 982 2668 hic
995 2611 1137 2692 loqueris,

75 2730 101 2776 et
111 2719 193 2778 altius
206 2720 250 2778 icc
261 2730 293 2776 te
305 2715 435 2776 volebam
446 2759 455 2789 ,
470 2726 501 2774 et
512 2715 622 2795 praeivi:
637 2713 732 2788 Quid?
748 2707 839 2774 Deuni
855 2727 887 2773 tu
906 2729 1006 2790 'censes
1027 2731 1138 2780 mutare

72 2823 258 2884 seutentiam?
272 2823 315 2882 ira
327 2834 377 2880 aut
392 2820 590 2893 miseratione,
607 2818 763 2878 humanum
778 2821 950 2894 innuerem,
966 2823 1062 2902 tangi?
1077 2824 1138 2884 Ina*-

72 2931 212 2990 mutabilis'
224 2940 268 2990 e'st
283 2952 292 2988 ι
307 2927 434 2988 ct-Sucra
447 2924 526 3006 quud
538 2927 578 2984 sic
598 2925 764 3006 loquuntur,
788 2945 840 3006 pro
853 2938 938 3006 captu
953 2937 1049 2988 nostro
1070 2943 1134 3002 cst,
1249 2938 1254 2948 “

72 3049 100 3095 et
111 3038 229 3120 figurato
250 3033 389 3094 duntaxat
407 3029 531 3112 quodam
546 3049 686 3090 sermone.
703 3031 862 3112 Augustino
888 3027 941 3090 hcc
958 3033 1078 3107 credes,
1095 3039 1136 3096 sic

73 3138 297 3223 serlsentifflV
310 3138 355 3198 Dc
369 3136 534 3216 Civitaecap.
555 3134 604 3218 ιι)
619 3159 628 3194 ι
646 3162 661 3188 ι
674 3136 754 3196 Deus
769 3137 821 3194 etsi
836 3134 940 3197 dicitur
953 3147 1056 3200 statutt
1069 3159 1136 3202 mu·-

72 3245 240 3330 tcreiuncle
252 3245 360 3324 &opaca
375 3241 518 3302 locutione
530 3241 562 3300 in
575 3240 727 3322 scripturis
748 3243 851 3302 sanctis
871 3243 957 3302 etism
970 3249 1137 3326 poenituissc

73 3352 193 3436 logicus)
203 3351 287 3431 juxta
307 3348 338 3410 id
357 3348 471 3421 dicitur,
490 3345 569 3428 quud
590 3345 676 3406 lscmo
693 3361 877 3428 speraverat,
900 3351 946 3410 vel
965 3357 1135 3416 naturalium

74 3460 139 3520 ordo
149 3478 300 3520 ausurum
313 3453 441 3538 gestabat
454 3477 464 3514 t
479 3475 538 3513 nun
549 3453 632 3532 juxta
645 3453 696 3528 id,
711 3455 792 3535 qnod
803 3477 835 3516 sc
848 3459 1028 3539 omniputcm
1040 3461 1137 3524 fucum.

75 3570 134 3626 mul
146 3586 210 3626 esse
222 3562 410 3646 praecinerat
432 3586 447 3612 a
464 3559 538 3618 Item
551 3557 619 3618 alibi
630 3555 739 3640 (xxll
754 3561 799 3620 De
812 3561 897 3622 Civit.
921 3560 932 3622 l
947 3563 959 3646 )
981 3589 990 3624 ε
1007 3582 1022 3620 e
1041 3567 1136 3642 Quum

74 3670 148 3730 Deus
161 3681 274 3730 mutare
284 3666 388 3728 dicitur
396 3663 588 3737 voluntatem,
600 3676 633 3724 ut
643 3663 747 3746 quibus
761 3664 835 3726 lenis
845 3680 922 3742 crat,
936 3671 1015 3731 verbi
1026 3676 1117 3753 grstia
1127 3709 1135 3749 ,·

74 3777 207 3838 reddatur
232 3771 524 3852 imms5illiputius,
540 3770 723 3851 quamipse,
746 3783 893 3834 mutantur
913 3797 921 3831 ι
938 3787 967 3834 ct
985 3793 1138 3862 nunquan·-

75 3882 224 3945 dammodo
235 3890 392 3952 muman,
407 3878 439 3937 in
451 3877 514 3950 his,
528 3897 591 3956 que
603 3877 763 3956 patiunmr,
779 3879 938 3941 inveniunt.
953 3881 1031 3944 Sicut
1043 3901 1139 3950 muta-

75 4001 120 4049 tur
130 3989 181 4050 sot
192 3986 283 4047 oculis
293 3983 441 4058 sauciatis,
453 3994 483 4042 et
494 4002 579 4063 asper
596 3981 806 4062 quodammodo
820 4005 858 4044 ex
870 3987 949 4062 miti,
965 4003 995 4049 et
1008 4013 1044 4051 ex
1059 3992 1141 4054 dele·-

75 4095 168 4156 ctabili
181 4093 319 4156 molestus
331 4090 451 4152 efficitau
462 4132 471 4163 ,
483 4080 573 4169 quum
584 4089 645 4169 ipse
655 4090 735 4170 apud
742 4091 871 4171 seipsum
882 4109 994 4156 maneat
1006 4097 1081 4159 idem
1092 4103 1142 4182 qui

76 4199 137 4262 luit.
152 4229 167 4260 ι
183 4200 255 4262 Tele
272 4200 303 4258 iu
316 4197 515 4278 Hieronymo,
535 4214 624 4276 qmsm
639 4194 677 4254 cd
695 4195 768 4256 laanc
782 4197 970 4276 abjectionem
991 4207 1145 4288 respondet
