2950 4934
294 442 358 534 195
582 439 621 508 n
648 438 829 509 annal
853 439 1070 511 sareon

232 606 262 640 ιι
289 565 440 638 dendum
457 583 520 636 cot.
540 568 692 661 Avarus,
717 586 919 663 corruptor,
946 593 1075 654 serua,
1098 569 1363 656 fraudulentus,

223 721 228 730 1
290 686 431 756 multum
449 686 616 769 nocituri,
641 687 670 754 ai
687 709 796 780 prope
813 711 833 754 a
853 703 885 755 te
904 685 1046 755 fuissent
1062 691 1087 772 ¹,
1108 688 1197 756 intra
1215 703 1251 756 te
1266 705 1362 756 aunt.

289 800 345 872 Ad
369 802 527 871 meliores
542 798 666 870 transi!
692 826 770 870 cum
789 803 975 872 Catonibus
991 805 1105 885 γίνεθ’,
1132 827 1207 872 cum
1230 803 1362 884 Laelio,

290 944 368 988 cnm
386 919 592 1005 Tuberone,
619 919 711 1011 quod
728 920 757 1009 oi
774 920 955 992 convivere
978 921 1079 986 etiam
1100 921 1228 988 Graecia
1238 919 1362 1012 juvat,

291 1058 368 1102 cum
397 1035 557 1115 Socrate,
588 1057 666 1103 cum
690 1035 830 1101 Zenone
854 1029 1005 1102 versare.
1034 1027 1148 1102 Alter-⁵
1173 1049 1207 1102 te
1227 1033 1366 1103 docebit

234 1186 266 1220 η
292 1152 395 1237 mori,
412 1151 441 1218 si
453 1174 592 1219 necesse
605 1151 671 1218 erit
684 1176 692 1216 t
704 1143 825 1234 alter⁴,
839 1165 1018 1242 antequam
1034 1173 1171 1218 necesse
1184 1150 1264 1218 erit.
1277 1153 1364 1220 Viro

291 1292 368 1337 cum
384 1265 598 1359 Chrysippo,
618 1289 693 1334 cnm
712 1264 907 1334 Posidonio.
928 1267 973 1333 Hi
994 1265 1055 1334 tibi
1073 1265 1207 1334 tradent
1223 1265 1365 1337 divino-

292 1407 367 1452 rum
376 1384 671 1472 humanorumque
681 1381 836 1449 notitiam
850 1406 858 1446 :
873 1379 910 1446 hi
919 1380 1090 1472 jubebunt
1102 1382 1138 1448 in
1153 1404 1257 1474 opere
1268 1405 1361 1463 eoae,

291 1523 355 1567 nec
373 1514 504 1568 tantum
519 1498 602 1566 acite
621 1497 734 1588 loqur,
762 1513 796 1564 et
815 1498 853 1564 in
872 1496 1130 1565 oblectationem
1149 1497 1364 1568 audientium

291 1613 396 1683 verba
409 1613 559 1706 jactare,
579 1610 642 1680 sed
660 1613 810 1682 animum
828 1611 1009 1693 indurare,
1026 1629 1062 1681 et
1078 1612 1238 1682 adventuo
1254 1617 1365 1682 minas

293 1732 439 1824 eri-gere.
455 1731 552 1798 Unuo
568 1745 618 1797 cat
635 1731 726 1796 enim
742 1727 846 1820 hujus
863 1729 941 1796 vitae
961 1728 1154 1802 fluctuantis
1170 1745 1204 1796 ct
1217 1729 1364 1798 turbidae

293 1860 430 1939 portua,
449 1860 615 1914 eventura
630 1860 861 1927 contemnere,
878 1860 968 1912 ctare
986 1843 1144 1926 fidenter,
1167 1837 1362 1938 ⁵apertum3

294 1963 362 2031 teia
381 1962 525 2030 fortunae
548 1959 691 2029 adverso
714 1976 852 2052 pectore
874 1961 1050 2054 excipere,
1070 1983 1139 2028 non
1155 1961 1362 2040 latitantem,

237 2083 270 2140 2³
294 2102 358 2146 nec
382 2079 675 2171 tergiversantem.
704 2077 941 2168 Magnanimos
963 2099 1026 2143 noa
1044 2091 1164 2145 natura
1182 2076 1363 2169 produxit3

294 2208 351 2275 et,
376 2207 416 2260 ut
438 2191 642 2284 quibusdam
665 2191 869 2260 animalibus
895 2191 1004 2259 iarum
1027 2191 1138 2277 dedit,
1161 2191 1365 2284 quibusdam

295 2305 496 2389 subdolum,
518 2306 720 2400 quibusdam
745 2305 925 2400 pavidum,
948 2308 993 2374 ita
1011 2305 1111 2376 nobie
1130 2307 1315 2400 gloriosum
1330 2325 1385 2375 et.

294 2425 463 2494 excelsum
489 2425 669 2518 spiritum,
698 2439 904 2516 querentem
932 2423 991 2491 ubi
1017 2422 1272 2506 honestissime,
1295 2448 1365 2492 non

295 2541 355 2610 ubi
374 2540 538 2610 tutissime
562 2542 674 2628 vivat,
697 2540 905 2609 simillimum
927 2532 1089 2624 mundo⁶,
1111 2563 1232 2633 quem,
1252 2564 1364 2632 quan·

330 2806 353 2839 r.
365 2785 398 2842 Si
404 2808 485 2857 prope
495 2809 514 2841 o
525 2790 678 2862 defuissent.
690 2789 742 2841 lnt.
753 2805 806 2840 non
890 2782 913 2838 5.
919 2785 1057 2854 Apertum.
1062 2784 1161 2838 Vitiore
1168 2793 1310 2855 apportem
1317 2797 1364 2837 ιω.

296 2867 380 2919 auium
397 2881 456 2920 runt
472 2868 520 2922 tibi
534 2867 675 2941 propiores,
687 2887 739 2920 non
759 2887 807 2920 ao·
855 2886 881 2918 o.
896 2867 906 2933 (
915 2865 969 2936 acii.
982 2875 1118 2935 oppedum
1134 2867 1214 2917 iuerat
1231 2863 1258 2918 in
1276 2883 1366 2916 exem-

295 2944 387 2999 inmte
400 2946 562 3012 comitantur,
575 2945 806 2999 redintratesunt
856 2941 935 3018 piari,
949 2941 981 2996 de
997 2953 1048 3013 qdo
1065 2943 1201 3016 descriptus
1219 2955 1255 2994 eat
1264 2941 1307 2994 iile
1324 2963 1366 2994 co·

328 3041 352 3074 a.
364 3022 430 3074 Cum
439 3023 581 3077 Catonibus
590 3025 659 3090 aare,
670 3035 717 3075 etc.
727 3021 808 3075 Sum·
856 3022 925 3087 dor).
941 3022 991 3074 Ad
1000 3029 1113 3088 portum,
1128 3040 1149 3074 c.
1168 3019 1203 3073 li.
1215 3021 1251 3071 A.
1269 3021 1367 3089 Apprte

296 3111 366 3172 ptum
374 3114 410 3154 ert
420 3100 469 3154 hoc
479 3114 629 3174 pracceptum
642 3120 670 3153 ex
682 3121 725 3163 eo,
734 3097 806 3171 quod
854 3098 933 3170 vulgo
951 3118 981 3150 ex
989 3099 1057 3150 Mur.
1071 3098 1124 3170 ing.
1136 3095 1216 3151 Sctoe.
1224 3123 1258 3136 -
1268 3101 1366 3166 Aperte

296 3175 398 3231 Zenoni
410 3178 547 3249 querenti,
567 3180 696 3251 quomodo
713 3179 806 3251 optime
855 3174 991 3248 legendum
1002 3194 1054 3227 etse
1063 3174 1230 3228 contenditex
1241 3194 1293 3227 uno
1305 3194 1365 3226 sno-

296 3253 406 3308 vietum
415 3267 649 3326 erret,re⁸ponrom
658 3255 760 3309 oraculo
770 3256 808 3308 di·
856 3274 911 3306 rum
926 3255 1083 3309 Pincianus:
1098 3267 1123 3305 at
1135 3253 1226 3324 reliqui
1243 3252 1318 3306 codd.
1340 3265 1365 3304 et

297 3329 362 3383 citur
377 3349 385 3385 ε
400 3335 419 3384 r!
438 3335 622 3403 συγχρωτίζοιτο
640 3343 689 3395 τοῖς
705 3343 805 3403 conpote:
857 3330 914 3382 edd.
928 3330 967 3382 nd
979 3339 1105 3402 portum,
1125 3329 1194 3382 undo
1211 3329 1308 3400 Lipsius
1328 3331 1367 3382 od

296 3427 348 3477 qno
360 3408 406 3462 illc
418 3421 518 3483 eccepto
531 3421 613 3462 totum
628 3429 654 3462 te
665 3411 698 3463 ad
714 3410 808 3483 legen·
854 3418 976 3475 portam,
999 3406 1041 3459 vel
1056 3428 1091 3462 ac
1101 3415 1253 3476 promptum
1268 3445 1276 3472 ,
1289 3407 1366 3459 Pon-

296 3487 343 3542 dos
357 3501 470 3542 veterum
483 3488 562 3542 libror
576 3487 691 3541 contulit.
704 3487 726 3539 Ε
738 3489 809 3542 iiio-
856 3497 928 3538 taum
939 3487 978 3536 od
984 3503 1110 3553 prorum:
1121 3484 1201 3538 Gron.
1211 3505 1243 3538 ac
1252 3495 1365 3550 rectum,

296 3583 362 3637 gena
375 3567 457 3620 herc
468 3563 535 3628 vll,
549 3586 563 3617 2
579 3565 678 3619 notavit
689 3567 758 3619 Mur.
771 3565 807 3617 1t.
857 3563 901 3633 qni
913 3561 1240 3636 consertEpirt.xx1tv11,o.
1251 3563 1366 3616 DcPro·

330 3643 355 3694 3.
368 3644 452 3698 Alter.
469 3643 600 3706 Socraten,
619 3643 666 3714 qni
674 3657 806 3707 mortem,
856 3640 908 3693 vid.
920 3659 942 3693 c.
954 3657 967 3690 a
981 3651 1005 3692 et
1014 3639 1038 3692 3.
1054 3640 1155 3704 Triiler,
1167 3640 1231 3694 obu'.
1241 3641 1294 3693 crit.
1306 3641 1364 3705 lii,

295 3719 320 3773 oi
330 3721 476 3789 advenerit,
489 3739 563 3790 equo
575 3721 661 3774 animo
676 3722 740 3773 ferre
755 3721 809 3774 do·
856 3719 873 3772 6
893 3738 916 3792 p.
934 3739 980 3790 ¹79
992 3720 1167 3787 adopertum,
1185 3719 1203 3771 i.
1216 3739 1237 3771 a.
1250 3716 1365 3782 nudum,

296 3812 344 3854 oet.
357 3799 449 3856 Ruta.
856 3797 988 3859 liberum,
1013 3805 1156 3850 exsertum.
1179 3795 1306 3866 Equidem
1328 3797 1368 3848 od

328 3877 354 3944 4.
372 3878 457 3932 Alter.
474 3878 545 3931 Zeno
566 3877 673 3931 Cittieuo
690 3876 809 3930 conditor
854 3889 960 3941 portum
977 3872 1114 3939 retineam,
1128 3873 1145 3926 i.
1155 3894 1176 3927 e.
1190 3874 1216 3926 in
1229 3875 1276 3927 isto
1287 3873 1366 3926 animi

298 3955 503 4026 Stooe,quisine
515 3955 809 4011 morboribimannrin·
857 3963 921 4004 rtatn
945 3949 1019 4004 firmo
1039 3963 1158 4004 eventura
1179 3952 1366 4006 contemnendi.

297 4031 367 4094 tulit,
380 4045 404 4084 et
415 4033 441 4085 id
453 4035 490 4086 iu
501 4034 590 4104 ineque
603 4052 671 4100 ura,
682 4031 750 4084 inter
760 4031 807 4083 do·
857 4033 954 4084 Locum
973 4045 1058 4085 tamen
1074 4033 1188 4085 nondum
1208 4046 1366 4108 personatum

297 4122 381 4182 gnata
396 4110 546 4184 prodiderat
569 4112 636 4165 Vide
654 4110 762 4165 Manud.
779 4110 807 4161 in
858 4121 927 4181 puto.
938 4107 1029 4162 Ruta.

296 4187 386 4261 philon.
397 4189 468 4242 stuic.
481 4189 538 4254 lii,
552 4207 592 4242 υ.
603 4189 676 4257 Lipr.'
890 4189 914 4242 6.
926 4189 1036 4244 Mundo.
1047 4191 1067 4243 l.
1079 4211 1101 4244 a.
1114 4191 1176 4246 ereio
1187 4205 1260 4264 atque
1271 4193 1368 4268 etheri·
