2950 4934
426 494 706 566 EPISTOLA
730 493 812 562 CX.
1093 497 1160 588 ²39

79 624 171 700 usim
191 627 416 722 pedagogum
437 625 512 695 dari
530 626 660 711 Βειιιιι,
684 649 754 694 non
770 623 910 716 quidem
928 623 1157 708 ordinarium,

75 743 141 814 sed
157 745 254 813 hunc
273 743 446 812 inferioris
457 757 546 810 nota
552 787 565 827 ,
580 763 622 809 ex
634 763 753 808 eorum
765 763 908 810 numero
918 763 1006 832 quos
1016 739 1161 809 Ovidius

80 862 128 928 ait
141 861 187 928 de
197 858 298 951 plebe
311 859 422 926 Deos*
436 859 488 926 Ita
504 872 617 924 umen
632 854 700 924 hoc
716 877 859 949 seponas
872 856 967 940 volo,
987 871 1028 924 ut
1041 856 1163 924 mami-

78 976 194 1056 neris,
217 973 369 1066 majores
386 990 541 1057 nostros,
557 973 616 1063 qui
632 967 871 1056 crediderunt,
891 971 1021 1040 Stoicos
1038 971 1159 1056 lulum

81 1090 229 1184 singulis
249 1091 344 1157 enim
361 1103 396 1157 et
413 1089 562 1158 Genium
576 1102 611 1155 et
632 1087 801 1154 Iunonem
820 1084 1002 1154 dederunt.
1023 1090 1162 1156 'Postea
1186 1124 1201 1156 2

80 1203 299 1287 videbimus,
319 1227 364 1272 an
376 1218 507 1271 tantum
520 1203 597 1270 Diis
612 1217 727 1284 vacet,
747 1217 786 1272 ut
804 1204 1014 1295 privatorum
1028 1205 1164 1298 negotia

77 1336 313 1416 procurarent
323 1325 358 1408 ’ς
375 1321 512 1389 interim
523 1319 610 1388 illud
623 1321 730 1403 scito,
746 1321 816 1389 sive
829 1316 1013 1414 assignati3
1028 1345 1160 1404 sumus,

77 1440 154 1508 sive
168 1430 347 1531 neglecti⁴
366 1453 403 1505 et
425 1435 568 1504 fortunae
589 1433 683 1520 dati,
703 1435 791 1504 nulli
811 1451 845 1504 te
865 1459 964 1530 posse
983 1437 1163 1532 imprecari

81 1554 276 1649 quidquam
290 1555 448 1648 gravium
465 1554 613 1647 quamsi
632 1555 840 1647 imprecatus
854 1554 960 1625 luerit
969 1603 978 1639 ,
995 1570 1035 1624 ut
1052 1579 1088 1625 se
1101 1557 1165 1626 ha-

79 1675 163 1744 ber
182 1675 324 1742 iratum.
346 1669 501 1745 sednon
520 1687 592 1755 est,
613 1691 720 1764 quare
739 1672 919 1764 cuiquam,
946 1695 1047 1764 quern
1064 1699 1165 1768 poena

80 1790 259 1884 putaveris
270 1787 433 1880 dignum,
447 1777 556 1881 optes,
571 1802 609 1856 ut
623 1787 764 1856 infestos
775 1789 865 1858 Deos
879 1788 1002 1858 habeat
1014 1819 1024 1877 ς
1038 1791 1161 1878 habet,

81 1911 248 2000 inquam,
264 1906 368 1974 etium
386 1905 415 1973 si
430 1904 568 1974 videtur
580 1925 699 1974 eorum
717 1929 800 1974 cura
816 1922 852 1974 et
871 1903 986 1975 lavore
1004 1906 1161 2001 produci.

82 2022 224 2092 Adhibe
244 2021 458 2116 diligentiam
475 2036 586 2106 mum,
606 2037 641 2091 et
654 2022 810 2107 intuere,
827 2018 912 2114 qnid
926 2023 995 2092 sint
1013 2045 1068 2092 res
1085 2047 1165 2092 ηοε-
1188 2047 1204 2100 3

81 2159 161 2225 trae,
182 2163 256 2208 non
272 2137 359 2230 quid
370 2154 553 2226 vocentur3
569 2154 606 2206 et
622 2139 709 2208 scies
722 2138 822 2232 plura
836 2139 924 2208 mela
942 2134 955 2176 ⁵
964 2141 1165 2234 contingere
1178 2183 1182 2190 ,

82 2252 205 2334 nobis,
228 2273 331 2343 quam
348 2250 517 2321 occidere.
543 2250 688 2343 Quoties
710 2253 802 2320 enim
821 2251 992 2322 felicitatis
1015 2271 1050 2322 ct
1066 2277 1165 2324 caum

82 2383 117 2435 et
139 2368 281 2436 initium
299 2360 312 2402 ⁶
336 2364 428 2448 init,
464 2363 557 2458 quod
581 2367 758 2431 calamitas
779 2365 991 2434 vombntur?
1022 2365 1167 2458 Quoties

82 2506 210 2578 magna
237 2479 464 2574 gratulatione
487 2496 628 2575 excepta
654 2504 710 2548 res
734 2480 878 2574 gradum
901 2483 967 2550 sibi
990 2487 1112 2552 struxit
1129 2486 1167 2552 iu

82 2621 263 2694 praeceps,
279 2614 314 2666 ct
324 2598 474 2690 aliquem
487 2599 552 2688 jam
564 2598 770 2666 eminentem
782 2597 942 2668 allevavit
957 2601 1164 2685 etiamnunc,

81 2737 250 2811 tanquam
263 2713 314 2782 ibi
333 2715 447 2784 adhuc
461 2731 566 2782 staret
576 2718 601 2799 ²,
615 2713 708 2784 unde
720 2731 793 2784 tuto
803 2715 941 2784 caderet
951 2717 965 2784 t
974 2716 1042 2786 Sed
1057 2720 1167 2811 ipsum
1192 2729 1208 2793 t

82 2832 176 2902 illud
201 2829 327 2901 cadere
344 2831 533 2899 nonhabet
551 2832 587 2898 in
606 2855 642 2900 se
665 2832 745 2900 mali
763 2832 970 2925 quidquam,
991 2837 1020 2903 si
1043 2838 1168 2906 exitum

83 3100 129 3153 tie
142 3115 313 3154 communem
325 3115 379 3147 non
389 3093 471 3168 magis
481 3093 606 3168 aspernati
655 3095 722 3148 mala
734 3095 870 3161 videntur,
886 3096 953 3150 bona
963 3114 1015 3150 etse
1027 3109 1051 3150 et
1061 3099 1131 3170 quasi
1140 3121 1169 3152 ex

82 3190 156 3239 sunt,
169 3194 251 3248 quarn
261 3172 375 3226 Romani
385 3173 554 3246 plurimaque
565 3189 607 3222 na·
655 3185 715 3226 voto
727 3195 757 3227 ac
768 3174 936 3248 optatouobis
949 3175 1064 3238 evenire,
1075 3189 1122 3230 etr.
1133 3177 1169 3233 Ii.

82 3255 179 3307 tiones.
192 3249 263 3304 Vide
274 3251 378 3324 Menag.
390 3249 423 3303 nd
434 3249 512 3322 Diag.
524 3251 607 3301 Laert·
688 3247 713 3302 6.
726 3252 876 3305 Felicitates
891 3264 916 3306 et
926 3273 1009 3306 causa
1020 3265 1045 3308 et
1056 3259 1169 3310 initiam.

83 3333 151 3395 vlt,
167 3333 225 3383 151.
238 3327 328 3383 Ram.
657 3327 731 3380 Prius
745 3338 770 3382 et
781 3328 901 3401 ignorant
914 3331 972 3384 add.
982 3333 1027 3385 sed
1038 3334 1130 3388 latebat
1142 3337 1169 3388 iu

119 3405 330 3463 apansa-lion
340 3404 388 3460 luc
398 3406 426 3459 in
437 3404 554 3476 epistola,
563 3405 608 3458 sed
658 3406 735 3458 vcrlto
748 3416 801 3472 est,
816 3408 886 3478 quod
898 3408 934 3462 ibi
946 3420 1048 3483 ponunt
1062 3433 1088 3464 a.
1101 3433 1124 3466 c.
1136 3415 1170 3468 lt.

83 3489 135 3542 alio
154 3486 270 3540 tomis
290 3499 411 3560 tempora.
426 3483 512 3536 Simili
528 3483 606 3537 modo
656 3485 692 3537 A.
705 3484 760 3536 Pal.
773 3506 797 3551 1,
811 3489 840 3553 4,
854 3487 910 3542 Col.
922 3489 1005 3545 Solia.

84 3565 371 3638 mtlipxxm,
386 3562 527 3616 »ultuma
690 3582 713 3632 7.
738 3564 880 3634 Tanquam
900 3568 940 3620 ibi
960 3568 1046 3620 adhuc
1068 3578 1168 3632 staret,

118 3665 144 3696 ι.
150 3645 333 3699 Procurrunt
341 3684 349 3709 ,
357 3664 385 3695 α.
393 3663 415 3696 c.
421 3640 458 3693 R.
467 3643 502 3695 A.
511 3641 579 3694 Edd.
591 3663 606 3696 r
656 3643 726 3693 unde
739 3650 794 3694 tuta
805 3646 916 3696 caderet.
933 3643 1025 3697 Malim
1038 3647 1124 3699 adhuc
1134 3647 1172 3700 ibi

147 3761 154 3774 ,
307 3759 314 3773 ,
399 3755 407 3770 .
477 3723 482 3730 “
656 3737 716 3770 curn
728 3739 754 3769 a.
766 3739 787 3771 c.
795 3721 831 3770 A.
844 3719 912 3772 Tum
922 3723 1024 3774 cadent
1038 3742 1089 3774 non
1104 3724 1168 3776 male

116 3803 144 3854 3.
155 3802 310 3870 Attrknatt‘.
323 3799 439 3869 Quisque
448 3817 495 3851 sno
506 3796 561 3850 deo.
570 3795 606 3848 Il.
656 3795 764 3865 quidem
780 3797 837 3850 edd.
849 3798 880 3851 ab
892 3799 935 3851 Er.
945 3819 1002 3851 sum
1015 3801 1070 3854 Pal.
1080 3822 1094 3853 n
1104 3839 1112 3866 ‚
1122 3794 1171 3855 det

118 3877 226 3944 451oe
245 3880 360 3946 neglecti.
378 3875 414 3927 Ut
429 3896 503 3928 nemo
520 3894 607 3927 curam
659 3871 715 3926 Col.
731 3873 774 3926 tcd
796 3895 885 3926 verum
905 3877 1020 3942 videtur,
1038 3881 1171 3934 undetuto

86 3957 170 4010 nostri
182 3967 270 4029 gerat,
287 3952 452 4006 Providentia
464 3971 516 4004 non
527 3950 567 4002 tit.
576 3950 608 4003 L.
655 3954 772 4019 cadunt,
785 3953 854 4023 qnod
866 3967 902 4006 ert
916 3955 942 4006 in
953 3975 980 4007 a.
994 3969 1019 4008 st
1030 3957 1065 4010 R.
1077 3970 1101 4008 et
1112 3957 1169 4010 Pal.

119 4039 145 4088 5.
154 4036 334 4102 Οωείημει...
343 4031 466 4084 occidere.
475 4027 544 4082 lllud
553 4049 610 4100 pro·
660 4051 688 4094 1,
701 4033 732 4098 4,
745 4051 774 4083 er
785 4051 837 4101 qua
849 4033 923 4084 etiarn
937 4045 994 4086 nata
1006 4034 1097 4088 vitiosa
1109 4035 1171 4088 rcri-

86 4113 140 4184 pric
155 4111 189 4163 de
203 4131 232 4163 re
245 4108 318 4173 lata,
329 4106 380 4160 laoc
396 4107 427 4159 da
438 4127 466 4159 re
477 4106 545 4159 mala
557 4105 609 4160 dici
657 4121 729 4183 ptura
743 4109 770 4160 in
781 4129 800 4163 c.
814 4122 838 4161 rt
849 4111 885 4162 Α.
902 4113 971 4164 unde
986 4122 1044 4164 tula
1064 4116 1170 4166 cadunt.

86 4191 152 4242 tolet
163 4207 173 4242 z
186 4204 338 4258 quanquam
351 4183 479 4238 interdurn
493 4187 608 4238 conluu-
656 4181 771 4238 Scle-
776 4183 917 4255 Tanquam
925 4188 963 4240 t'br'
971 4189 1170 4244 odducslarct...

87 4267 195 4320 duntur.
214 4265 356 4330 Putamus,
368 4263 420 4332 ait,
439 4261 536 4330 multa,
551 4281 608 4332 qua
655 4263 766 4314 caderet.
783 4264 830 4316 lnt.
850 4276 970 4334 tanquam
985 4268 1100 4322 nondum
1113 4289 1169 4324 eam
