2950 4934
295 466 359 536 ²9²
573 438 631 549 ¹L.
656 435 837 509 ANNAEI
858 438 1075 515 SENECAE

290 568 375 666 quid
389 572 481 639 euim
496 592 701 664 quemquam
719 544 892 642 existimat
906 596 1047 669 capere,
1065 578 1131 647 niti
1145 580 1207 671 qui
1222 581 1371 676 sapien.

234 716 260 751 ιι
290 692 371 759 tiam
384 685 513 756 habet?
527 682 702 779 Numquid
717 710 943 780 quemquam,
965 692 1026 783 qui
1039 693 1165 785 capiat,
1184 720 1254 765 non
1266 712 1369 791 putat

287 806 416 874 babere
429 803 850 898 SapientiamiDiaiectici
864 821 998 875 veterat
1012 812 1022 845 ¹
1041 810 1106 877 iata
1122 809 1340 906 distinguunt
1356 842 1365 881 :

286 922 330 991 ab
354 922 423 991 illie
438 918 560 988 divisio
579 942 688 1011 usque
710 919 756 987 ad
773 922 905 991 Stoicos
921 925 1029 993 venit.
1059 926 1182 1018 Qualia
1200 929 1244 996 eit
1267 929 1365 1015 hmo,

285 1040 396 1109 dicam
406 1042 431 1107 ¹.
453 1034 557 1105 Aliud
574 1051 625 1104 eet
641 1060 748 1129 ager,
772 1037 868 1107 aliud
888 1064 1011 1135 agrum
1033 1040 1193 1112 babere:
1219 1045 1370 1136 quidni?

284 1179 389 1249 quum
404 1152 532 1222 hebere
548 1175 669 1247 agrum
681 1153 726 1221 ad
742 1152 949 1243 habentem,
969 1182 1041 1229 non
1060 1156 1106 1227 ad
1119 1184 1240 1254 agrum
1254 1162 1366 1255 perti-

283 1285 376 1339 neat.
388 1268 445 1338 Sic
455 1267 551 1337 aliud
564 1282 614 1335 eat
627 1268 824 1363 Sapientia,
842 1269 938 1339 aliud
950 1296 1083 1366 sapere.
1100 1276 1188 1343 Puto
1198 1274 1369 1345 concedes

285 1385 353 1456 duo
370 1408 443 1455 eoae
459 1384 553 1468 haec,
573 1382 610 1453 id
626 1384 721 1477 quod
738 1383 903 1473 habetur,
922 1404 1053 1457 etcum
1072 1391 1133 1483 qui
1152 1390 1256 1459 habet
1271 1416 1280 1457 ε
1298 1390 1366 1457 ba·

283 1502 385 1571 betur
406 1501 601 1593 Sapientia,
633 1499 756 1584 babet,
782 1502 844 1595 qui
871 1504 972 1598 capit.
999 1505 1173 1600 Sapientia
1199 1520 1251 1573 est
1266 1530 1369 1575 mene

282 1619 433 1715 perfecta
445 1667 457 1703 ,
482 1616 536 1686 vel
559 1613 604 1685 ad
633 1640 802 1685 nummum
825 1618 1059 1714 optimumque
1089 1621 1275 1716 perducta;
1308 1645 1368 1690 ara

228 1772 256 1809 u
282 1738 374 1807 enim
399 1738 476 1805 vitae
504 1751 568 1803 eet.
595 1736 724 1829 Sapere
744 1732 830 1827 quid
852 1738 931 1805 est?
955 1739 1034 1806 Non
1060 1762 1198 1833 pomum
1222 1736 1365 1823 dicere,

282 1876 377 1923 meua
388 1850 561 1946 periecta3
575 1847 637 1919 aed
650 1847 704 1933 id,
721 1848 817 1943 quod
830 1850 1001 1943 contingit
1014 1852 1202 1945 perfectam
1214 1869 1367 1921 mentem

280 1968 435 2038 habenti.
456 1970 508 2037 Ita
522 1965 667 2035 alterum
682 1981 754 2050 eat,
771 1990 868 2035 mene
884 1967 975 2037 bona
990 1994 999 2034 ι
1012 1970 1178 2055 alterum,
1192 1971 1290 2063 quani
1303 1970 1368 2039 ha·

251 2070 253 2077 ¹
281 2086 364 2154 bere
389 2100 536 2153 mentem
558 2083 698 2153 bonam.
724 2084 832 2167 Sunt,
851 2085 986 2177 inquit,
1009 2102 1139 2155 naturae
1155 2110 1366 2181 corporum,

226 2195 230 2205 ’
283 2223 462 2297 tanquam,
481 2201 540 2272 hic
556 2200 660 2271 bomo
676 2216 749 2285 est,
769 2202 828 2271 bic
842 2226 951 2296 equus
965 2230 973 2272 ι
988 2203 1051 2273 hat
1067 2203 1193 2275 deinde
1209 2228 1367 2297 sequun-

282 2312 361 2389 tur³
384 2334 493 2389 motus
510 2318 702 2388 animorum
726 2320 930 2389 enuntiativi
954 2342 1151 2415 corporum.
1169 2323 1214 2391 Hi
1233 2320 1368 2390 babent

283 2436 467 2533 proprium
474 2432 656 2529 quiddam,
672 2449 739 2503 eta
753 2435 956 2530 corporibus
968 2435 1142 2507 seductum
1163 2454 1365 2532 tunquam,

283 2540 384 2625 uideo
395 2556 559 2623 Catonem
569 2551 822 2639 ambulantem,
836 2553 902 2621 boc
912 2577 1031 2625 sensus
1044 2554 1211 2639 ostendit,
1228 2556 1369 2624 animus

229 2685 257 2737 13
283 2667 406 2739 credit.
432 2668 565 2761 Corpus
587 2681 669 2751 eat,
692 2663 784 2757 quod
805 2664 905 2734 video
917 2717 929 2751 ,
951 2668 1006 2735 cui
1028 2682 1064 2735 et
1082 2668 1197 2737 oculos
1222 2684 1258 2736 et
1282 2669 1367 2735 ani-

283 2810 375 2856 mum
390 2782 535 2853 intendi.
550 2782 636 2853 Dico
650 2778 797 2862 deinde,
816 2778 904 2849 Cato
917 2782 1080 2851 ambulat.
1097 2787 1173 2853 Non
1188 2778 1365 2877 ‘cor-pue,

284 2904 416 2999 inquit,
439 2917 489 2970 est
499 2949 511 2986 ,
526 2898 619 2994 quod
633 2922 725 2966 nuuc
743 2898 885 2989 loquor;
907 2898 968 2967 sed
991 2904 1237 2970 enuntiativum
1255 2902 1370 2995 quid·

286 3018 363 3087 dam
381 3018 424 3085 de
444 3037 608 3109 corpore,
630 3010 724 3105 quod
739 3011 798 3079 aiii
815 3007 953 3109 effatum
969 3032 1111 3100 rorant,
1131 3016 1191 3083 alii
1206 3019 1369 3083 ementia-

288 3154 356 3201 tum
363 3182 375 3215 ‚
386 3132 445 3200 alii
459 3123 613 3199 dictumb
631 3130 705 3213 Sic,
719 3151 826 3222 quum
836 3128 981 3199 dicimus
996 3131 1222 3225 Sapientiam,
1238 3154 1373 3225 corpo-

332 3370 353 3401 ι.
376 3348 518 3402 Dialectici
536 3358 658 3403 veteres:
680 3346 803 3421 intelligit
852 3347 1370 3424 :nuntiantquiddecorporibmsentiat:

289 3440 381 3482 seciam
393 3426 536 3488 aientium,
550 3424 577 3478 in
590 3446 640 3495 qua
658 3426 803 3479 auctoribus
851 3440 925 3498 etque
938 3427 966 3479 bi
978 3440 1062 3481 motus
1071 3448 1124 3481 non
1135 3442 1194 3481 runt
1205 3448 1320 3501 corpora.

290 3504 468 3573 Xenophane,
485 3503 636 3556 parmenide
654 3517 677 3556 et
696 3504 802 3557 Zenone
884 3504 1092 3574 i.Noncorpus,
1104 3510 1196 3574 iuquit.
1204 3506 1370 3560 Situm.

290 3584 378 3637 Eleate
386 3580 518 3635 dialectica
528 3580 622 3653 viguit,
632 3590 660 3635 ei
668 3582 761 3637 deinde
770 3584 803 3636 ad
852 3584 914 3638 Non
921 3603 1013 3652 corpur
1021 3594 1061 3637 eri
1069 3585 1177 3654 quidem
1185 3604 1206 3637 c·
1218 3586 1255 3637 A.
1263 3585 1369 3658 Volgo,

290 3675 382 3715 sertam
396 3660 548 3733 megaricam
556 3678 576 3710 r.
588 3658 713 3712 cristinam
728 3671 804 3712 tran·
851 3682 903 3714 non
912 3679 1004 3729 corpus
1017 3663 1122 3730 quidem
1133 3663 1286 3715 esa-Non
1299 3681 1372 3715 cor-

289 3740 345 3800 siit,
364 3739 434 3791 unde
453 3736 486 3789 ad
505 3736 603 3789 Stoicos
621 3734 745 3806 pervenit.
761 3735 802 3787 Cf.
848 3759 935 3809 pun...
947 3758 1058 3807 torpore
1070 3740 1127 3792 Hoc
1138 3739 1203 3792 iilud
1212 3740 1282 3810 qnod
1291 3754 1371 3795 notat

290 3817 411 3870 Brucieri
423 3816 488 3867 itist.
497 3816 552 3867 erit.
560 3814 626 3867 Phil.
635 3815 666 3866 T.
679 3816 705 3880 1,
716 3837 742 3887 p.
751 3817 802 3869 bro
852 3818 920 3871 Sext.
931 3818 1074 3892 Empiricos
1086 3818 1131 3870 iib.
1143 3819 1172 3882 l,
1191 3818 1287 3870 advers.
1298 3820 1374 3871 Ma—

289 3914 325 3965 tq.
335 3907 358 3947 rt
369 3894 492 3947 Buhiium
507 3894 534 3945 in
549 3892 727 3948 Commentatt.
744 3894 803 3947 Soc.
851 3896 956 3949 themat.
968 3917 989 3949 t·
1005 3896 1042 3949 3:
1057 3896 1243 3964 Incorporeum
1258 3900 1375 3963 011·un
1383 3914 1386 3919 ·

289 3973 353 4045 Reg.
364 3972 406 4024 Sc.
418 3971 488 4024 Gott.
497 3972 527 4023 Τ.
540 3972 590 4031 xl.
602 3992 627 4043 p.
640 3970 689 4035 234
701 3992 740 4041 aq.
749 3970 786 4024 R.
851 3974 1030 4043 apadStoicos
1038 3976 1091 4027 dici
1098 3974 1185 4030 hirii·
1193 3972 1262 4044 quod
1271 3972 1373 4027 Noster

324 4072 346 4101 n.
360 4050 464 4103 Dicam.
479 4050 528 4102 Mo.
542 4068 568 4099 a.
581 4052 709 4102 dicamus.
721 4050 802 4103 Scim.
851 4053 894 4107 bie
903 4049 1372 4119 vertitEtJatumAEdiciumAEnun-

321 4128 346 4180 3.
359 4127 422 4180 Has
437 4128 529 4181 deinde
545 4138 695 4196 sequuntur.
714 4128 766 4179 int.
779 4141 804 4181 et
852 4129 965 4192 tioium,
976 4122 1185 4181 Ennatiatloum.
1197 4128 1273 4195 lips.

291 4217 378 4276 prater
390 4224 493 4277 corpora
505 4217 562 4257 sunt
575 4218 657 4259 motus
667 4204 802 4273 animiqui
887 4206 1373 4277 S.Dr'ctom.8itms.a.1ircte;nempe
