2950 4934
310 437 377 507 568
679 429 833 502 JUSTI
855 429 1018 502 Lll’Sll

224 595 233 608 ⁸
305 579 427 642 Materia
442 599 529 660 supra
554 575 638 638 dixit.
656 574 714 636 Sed
728 573 808 636 aliud
828 575 915 658 igitur
927 573 1028 634 Stoicis
1043 577 1156 658 ιόσμος,
1176 579 1222 638 ut
1243 577 1396 660 δώμ-

310 714 352 758 σις
367 710 377 745 t
393 687 467 744 sieut
481 686 567 744 etium
581 687 694 757 vtro,
713 687 758 744 nl
770 685 839 745 ilus.
857 679 987 742 Lneruns
1002 682 1181 744 discriminet
1198 683 1256 765 (ln
1269 683 1391 766 Zur.):

308 820 322 848 α
342 792 516 852 Universum
532 789 638 850 dicitur
651 801 681 850 et
692 788 822 850 Mundus
836 811 844 858 ;
859 788 959 848 etalio
973 781 1077 863 rhodo,
1093 789 1172 872 quod
1186 811 1224 850 ex
1233 789 1390 851 hlundnct

303 901 446 962 exteriore
461 897 562 958 Vacuo
576 908 695 957 constat.
708 897 783 956 Num
797 893 926 956 Mundus
943 896 1040 956 finitus
1054 909 1117 972 est,
1133 895 1268 956 vacuum
1290 897 1390 956 infini-

301 1017 375 1066 tum.
391 1031 406 1057 υ
425 1004 528 1084 ltaque
550 1015 580 1062 ct
592 1002 721 1063 Mundus
742 1003 829 1062 etiam
843 1011 897 1064 πᾶν
917 1001 979 1062 sive
998 999 1163 1064 Um'oemuu
1184 1001 1295 1062 dicitur
1310 1025 1321 1060 c
1336 1002 1388 1062 sed

302 1106 393 1189 magis
409 1117 470 1166 erat
486 1127 496 1163 z
512 1105 543 1163 in
558 1101 663 1163 scholis
677 1105 834 1185 presertim
850 1101 998 1186 distingui.
1018 1101 1250 1184 Plutsrchns(ll
1262 1103 1310 1163 De
1322 1103 1388 1162 Plc-

300 1212 349 1271 cit.
366 1234 394 1271 c.
414 1208 451 1293 r)
470 1233 479 1269 s
498 1209 629 1270 «Stoicis
649 1208 787 1269 differunt
810 1208 1008 1280 Universum,
1024 1219 1055 1266 et
1070 1207 1187 1268 Totum.
1206 1207 1385 1270 Universum

163 1386 167 1392 ,
302 1317 379 1377 enim
394 1335 474 1390 esse,
491 1317 561 1375 ⁴cum
585 1314 686 1374 Vacuo
702 1314 868 1387 infinitum,
890 1314 953 1373 sine
973 1312 1075 1374 Vacuo
1089 1311 1247 1374 hlmsdum.
1269 1340 1284 1368 ι
1303 1313 1384 1372 Falsa

300 1419 361 1482 hec
375 1431 493 1495 nutem,
510 1419 774 1502 rescribendnquet
794 1417 997 1480 «Universum
1019 1419 1097 1479 euim
1113 1438 1177 1479 esse
1200 1441 1270 1480 uum
1285 1419 1384 1480 vum

301 1527 414 1588 infinito
427 1553 442 1580 n
457 1549 466 1586 ε
483 1540 513 1587 et
522 1530 575 1588 ἀπό
585 1537 671 1589 sumt
683 1523 848 1586 advocanda
859 1547 934 1600 vox,
950 1529 1057 1608 κόσμον.
1072 1525 1160 1586 llecte
1175 1527 1216 1586 ito
1226 1525 1382 1586 Stohoeauae

301 1631 415 1715 Eclogae
434 1655 443 1692 s
462 1659 477 1686 α
490 1630 577 1693 Stoici
590 1631 707 1692 differre
723 1631 823 1691 dicunt
837 1630 1011 1692 Universum
1028 1643 1058 1691 et
1074 1631 1182 1692 Totum
1202 1631 1379 1692 Universum

298 1760 378 1812 esse,
396 1760 463 1798 curn
478 1737 579 1799 Vacuo
594 1739 706 1798 infinito
719 1760 726 1810 3
744 1737 850 1797 Totum
864 1738 927 1796 sine
940 1759 993 1811 eo,
1008 1737 1163 1800 Mundum.
1179 1763 1193 1790 ι
1208 1739 1310 1822 Atque
1323 1739 1380 1798 hec

297 1848 338 1906 itu
353 1846 532 1928 apertissime
544 1845 630 1905 etiam
643 1843 807 1926 Empiricos
820 1841 960 1926 (Advers.
979 1843 1119 1904 Mathem.
1129 1842 1163 1924 ),
1179 1845 1232 1904 uhi
1243 1845 1283 1907 de
1295 1845 1377 1906 Toto.

302 1951 381 2013 Hinc
397 1951 469 2013 illud
486 1973 585 2012 eorum
601 1951 717 2011 effatum
738 1965 799 2026 est,
814 1949 899 2012 valde
918 1947 1071 2010 Plutarcho
1085 1952 1262 2033 exagitatum
1275 1949 1376 2032 (Ceut.

300 2057 411 2141 Stoic.)
435 2087 449 2114 u
461 2057 658 2128 Universum,
675 2078 779 2140 corpus
794 2079 852 2117 non
866 2077 938 2119 esse.
960 2081 974 2110 n
993 2056 1100 2132 Quidni
1116 2055 1267 2117 dicerent?
1285 2057 1378 2118 luune

299 2165 376 2224 enim
391 2164 612 2245 complectitur:
628 2185 724 2246 neque
743 2162 774 2224 id
791 2155 859 2224 sone
874 2175 918 2222 est
937 2182 1050 2244 corpus.
1074 2163 1174 2246 ltaque
1190 2165 1280 2245 ipsius
1304 2163 1376 2224 l’lu-

297 2268 389 2330 tarchi
412 2270 509 2330 verbis
531 2269 587 2330 hoc
612 2270 780 2332 solvamusr
801 2296 815 2323 u
829 2270 961 2330 Vocuum
983 2271 1061 2332 enim
1082 2269 1225 2330 inlinitum
1248 2271 1374 2330 exter-ius

295 2375 409 2438 Mundo
423 2376 702 2451 circumfundentes‚
718 2386 821 2458 neque»
827 2377 939 2457 Corpus
952 2376 1145 2453 Universum,
1159 2399 1255 2458 neque
1266 2377 1373 2438 Iueurb

297 2505 417 2565 pureum
432 2481 584 2544 affirmant.
604 2509 618 2536 n
634 2483 725 2542 Caute
742 2525 751 2556 ,
767 2493 796 2541 et
808 2484 890 2562 jure,
907 2504 926 2543 o
942 2480 1092 2548 Plumche
1109 2507 1117 2542 ι
1137 2495 1212 2544 etto
1225 2483 1272 2544 hic
1283 2492 1371 2566 utque

298 2589 366 2650 olibi
380 2589 459 2650 hnud
472 2611 570 2672 equus
580 2591 687 2650 arbiter
697 2599 746 2649 cus
758 2588 867 2670 culpus.
884 2587 948 2663 Quo
964 2587 1095 2649 Vscuum
1108 2591 1253 2664 eontinet,
1264 2610 1371 2672 corpus

295 2718 353 2756 non
370 2709 434 2770 est;
451 2719 509 2779 quc
518 2697 661 2758 Mundum
675 2742 683 2768 ,
699 2708 815 2778 corpus.
829 2697 916 2778 Atqui
930 2717 989 2755 non
1001 2709 1044 2756 est
1054 2697 1196 2758 Vucuum.
1212 2698 1285 2760 sane
1300 2700 1371 2779 qui-

299 2803 365 2863 dem
384 2827 393 2863 s
411 2830 425 2858 α
445 2805 582 2885 Abusquc
592 2803 711 2864 Thalete
727 2801 840 2884 Physici
856 2801 906 2884 (ut
916 2801 990 2862 olibi
1005 2815 1036 2862 tu
1053 2803 1170 2876 scribis,
1194 2803 1265 2864 lne
1284 2801 1367 2864 Ptsc.

298 2912 362 2992 cap.
384 2907 441 2993 18)
456 2910 494 2971 ud
512 2911 679 2984 Plutonem,
702 2909 834 2970 Vennum
847 2911 1017 2992 ignorarunt
1028 2935 1043 2962 ι
1059 2933 1068 2970 =
1084 2910 1163 2992 quod
1176 2908 1321 2983 lemur,
1340 2922 1370 2970 et

291 3018 354 3099 ipsc
369 3017 449 3077 Pluto
464 3018 574 3100 ubique
588 3016 701 3077 nbdieot
713 3037 722 3074 s
736 3015 787 3075 sed
802 3017 852 3096 qui
870 3015 975 3075 ltnliom
986 3026 1068 3074 secte
1082 3013 1216 3088 filerunt,
1231 3013 1280 3074 diu
1297 3025 1368 3076 ante

293 3125 440 3186 Platonem
450 3170 459 3199 ,
471 3123 650 3207 Leucippus,
661 3109 861 3198 Democritus,
874 3135 903 3183 et
914 3123 950 3183 nh
962 3122 1006 3182 his
1016 3119 1177 3205 Epicurus,
1192 3134 1365 3204 posuerunt.

292 3229 389 3312 Atque
403 3232 444 3291 illi
459 3230 575 3313 quidem
589 3231 672 3305 lose,
688 3243 717 3290 et
732 3231 840 3311 ubique
855 3231 940 3291 rebus
954 3231 1077 3290 mixtum
1089 3252 1098 3288 r
1111 3229 1196 3290 Stoici
1208 3229 1366 3290 restrictius

293 3335 398 3421 (lbid.)
411 3361 420 3397 s
436 3339 491 3397 «in
501 3337 631 3412 Mundo,
643 3337 716 3398 nihil
726 3357 789 3397 esse
798 3336 909 3408 Vocui3
922 3349 1018 3410 extre,
1032 3335 1174 3396 infinitum
1184 3336 1254 3396 illud
1264 3357 1364 3396 esse.-

294 3443 387 3504 Cuuss
401 3444 559 3518 statuendi,
577 3443 766 3527 Conllngrntio
782 3443 841 3502 sive
856 3447 1015 3526 ἐκπύρωσις,
1032 3442 1099 3522 quic
1114 3441 1237 3500 Mundus
1249 3441 1278 3500 in
1287 3441 1364 3502 illud

290 3553 450 3625 resolvitur,
465 3563 532 3633 post
544 3552 637 3610 istum.
651 3550 744 3625 Quid,
761 3549 839 3632 quod
853 3550 915 3630 ipse
924 3541 1119 3630 'Pythagoras
1133 3573 1148 3604 c
1163 3547 1283 3608 Tantum
1295 3547 1365 3610 Vu-

287 3661 335 3718 cui
350 3681 412 3720 esse
434 3671 514 3720 extra
537 3656 702 3732 Mundum,
727 3668 760 3716 ut
783 3657 924 3737 respirare
947 3654 1047 3714 celum
1070 3655 1179 3736 possit,
1197 3673 1258 3714 csse
1279 3655 1362 3714 mrim

290 3766 386 3846 ipsum
401 3766 529 3848 igneum.
544 3790 559 3818 u
573 3763 759 3846 Pythagora,
776 3764 915 3844 inquam,
932 3761 985 3821 hoc
1002 3761 1096 3821 verius
1109 3759 1257 3833 tribuetur,
1269 3781 1361 3841 quern

286 3885 319 3931 ut
331 3873 368 3932 ob
382 3873 483 3932 eodem
495 3869 646 3933 Plutarcho
656 3872 741 3945 alibi,
756 3870 898 3930 Aristoteli
910 3869 975 3950 ipsi.
988 3866 1060 3928 Num
1071 3867 1118 3926 ille
1129 3867 1246 3927 nimium
1256 3887 1360 3947 quum

288 3990 350 4038 turn
373 3978 517 4041 obhorret.
543 3977 704 4039 Abhorreot
723 4001 732 4037 ε
749 3999 800 4038 nos
822 3978 955 4059 punimus
970 3975 1060 4060 (inire
1085 3975 1203 4034 nissen.
1222 3969 1306 4053 IX),
1329 3986 1359 4034 et

285 4087 385 4168 plures
396 4087 483 4150 hodie
497 4089 583 4148 etiam
601 4087 822 4169 Theologomm.
839 4083 917 4161 Quid
931 4095 1025 4144 nutem
1040 4083 1070 4144 id
1085 4095 1127 4143 est
1136 4082 1149 4142 l
1159 4082 1234 4164 quod
1248 4092 1308 4154 est,
1326 4093 1356 4140 ct

158 4218 164 4226 ·
286 4215 344 4254 non
356 4173 406 4255 est.
421 4195 495 4256 llum
509 4194 670 4255 Cleomedis
680 4193 767 4253 Stoici
778 4193 873 4254 verbis
885 4215 893 4250 ι
909 4219 922 4246 u
936 4187 1146 4271 Simplicissimn
1157 4190 1216 4268 ejus
1228 4199 1270 4249 est
1280 4208 1356 4246 con-
