2950 4934
304 372 371 439 680
745 376 970 447 TABULA.

1324 500 1385 550 Ρη·

322 562 465 625 Emtou
491 565 540 627 CI.
563 568 608 627 De
620 580 712 629 morte
727 568 894 634 Senecionis
896 616 1285 637 ....................
1315 576 1382 661 167

360 716 423 731 —
482 684 547 745 CII.
570 684 734 749 Clniitntem
750 703 816 771 poet
834 702 955 751 mortem
970 690 1077 752 bouum
1092 712 1154 753 esse
1157 734 1283 754 .......
1314 692 1381 777 174

360 830 421 847 -
484 799 566 863 CIII.
584 804 703 865 Homini
717 806 756 867 eb
769 806 886 883 bomine
898 810 1041 892 precipue
1054 811 1241 872 cavendum..
1252 856 1261 872 .
1274 858 1283 872 .
1313 811 1380 875 186

358 950 420 965 -
482 918 560 981 CIV.
574 921 619 981 De
628 922 824 983 invaletudine
834 944 902 998 ouo,
913 937 943 985 et
951 927 1069 987 unitate
1077 930 1108 986 in
1119 948 1150 987 oe
1162 930 1261 989 uxoris
1276 954 1286 989 ε

618 1038 706 1099 animi
726 1039 803 1101 mula
826 1042 1055 1123 peregrinatione
1080 1064 1140 1104 nou
1162 1047 1285 1105 nutri:

619 1178 683 1217 eum
698 1160 801 1239 priscis
816 1173 846 1219 et
859 1162 970 1245 mogoin
990 1164 1059 1223 virio
1069 1164 1240 1225 vivendum.
1251 1208 1282 1225 ..
1311 1164 1376 1229 188

352 1308 413 1324 -
475 1276 536 1335 CV.
558 1276 635 1351 Quid
648 1278 735 1337 vitam
755 1300 885 1339 murem
899 1280 984 1341 iaciat
987 1325 1277 1345 ...............
1305 1306 1371 1347 non

351 1426 413 1443 -
475 1394 552 1456 CVI.
570 1396 615 1457 dn
629 1397 736 1457 bonum
750 1400 788 1457 eit
801 1421 907 1483 eorpus
919 1402 946 1461 i.
960 1443 1277 1465 ................

349 1546 411 1563 --
473 1515 568 1577 CVII.
587 1516 772 1579 Fit-mundum
786 1542 850 1582 eote
862 1522 989 1583 animum
1006 1536 1105 1584 ooutn
1122 1524 1242 1588 fortuita
1254 1540 1286 1588 et

617 1636 776 1695 necessaria
780 1674 1278 1699 .........................
1304 1664 1372 1730 2⁰9

351 1780 412 1797 —-·
474 1748 582 1811 CVIII.
599 1750 750 1825 Quomodo
762 1750 900 1815 audiendi
913 1753 972 1815 sint
984 1754 1145 1839 pbilooopbi
1148 1797 1278 1819 .......
1304 1761 1372 1823 215

350 1900 412 1913 —
474 1867 552 1929 CIX.
570 1870 615 1929 An
630 1871 745 1952 sopiens
766 1872 889 1953 sepienti
903 1885 933 1933 et
948 1874 1092 1957 quomodo
1110 1876 1236 1958 protiti.
1247 1921 1275 1941 ..
1302 1880 1363 1941 231

349 2016 411 2029 -
473 1984 535 2053 CX.
553 1986 636 2047 Vana
649 1986 758 2068 optari,
775 2008 851 2047 vona
869 1962 981 2061 timui,
1002 1989 1162 2056 remedium
1178 1992 1283 2074 ophi-

614 2105 744 2187 losopbio
755 2106 912 2188 petendum
919 2147 1274 2170 ..................
1299 2110 1364 2172 238

348 2252 409 2267 -·
470 2220 548 2283 CXI.
567 2221 794 2305 sophismatibus
810 2246 908 2285 verum
922 2229 1043 2308 opponit
1057 2226 1277 2309 philoemhinm.
1299 2226 1363 2308 ²46

348 2374 410 2387 --
472 2340 567 2403 CXII.
593 2343 734 2425 Desperat
756 2344 794 2405 de
807 2344 932 2426 quodem
953 2344 1056 2407 Lucilii
1071 2348 1164 2407 amieo
1183 2346 1279 2409 reion-

609 2462 714 2524 nando
722 2500 1275 2524 ...........................
1299 2464 1361 2545 248

348 2610 409 2623 -
473 2576 583 2639 CXIII.
599 2578 645 2637 An
659 2579 780 2640 virtutes
793 2579 852 2639 sint
868 2580 1022 2641 animalia?
1035 2580 1087 2640 hm
1101 2581 1278 2661 spernendo·

592 2714 654 2753 esse
670 2693 876 2775 disputatione·
880 2736 1268 2757 ....................
1295 2694 1358 2759 250

347 2844 406 2857 --
470 2809 576 2873 CXIV.
588 2810 766 2893 Eloquentia
774 2815 1275 2897 corruptelnmeoorruptiomoribuo

611 2946 701 2993 ortum
716 2954 779 2993 esee
787 2975 1269 2997 ........................
1294 2934 1350 3000 261

345 3085 405 3098 -
468 3051 559 3113 CXV.
575 3052 718 3115 Describit
733 3056 848 3117 virtutis
867 3054 1111 3137 pulchritudinem
1131 3083 1141 3119 t
1158 3058 1228 3121 Inde
1242 3062 1272 3120 in

607 3194 732 3233 umorem
752 3174 916 3238 divitiorum
919 3214 1267 3239 ..................
1294 3178 1354 3263 ²7⁴

343 3324 403 3341 --
465 3290 572 3351 CXVI.
590 3289 714 3351 Omnino
730 3294 916 3376 expellendos
927 3316 990 3355 eote
1005 3296 1138 3357 affectus·
1157 3339 1268 3357 ......
1293 3297 1352 3361 283

342 3444 402 3455 --
465 3408 589 3472 CXVII.
612 3410 682 3482 An,
704 3430 793 3491 quum
814 3412 954 3491 snpientia
977 3410 1085 3473 bonum
1105 3414 1162 3488 sit,
1184 3416 1270 3475 etiem

606 3525 727 3608 supere?
732 3566 1267 3588 ...........................
1293 3528 1350 3613 ²⁸7

340 3676 401 3692 --
464 3641 604 3703 CXVIII.
620 3640 698 3718 Quid
711 3643 889 3703 tithonum?
892 3684 1265 3705 ...................
1292 3650 1350 3709 300

340 3798 401 3810 —
463 3762 569 3825 CXIX.
586 3764 711 3824 Divitem
725 3785 809 3839 esse,
824 3766 875 3846 qui
888 3764 1074 3847 cupidinibus
1087 3767 1223 3849 imperat·
1235 3810 1264 3826 ..
1290 3768 1349 3831 308

337 3912 397 3928 ·-
461 3878 551 3939 CXX.
577 3879 726 3955 Quomodo
746 3881 815 3941 boni
837 3881 1008 3965 boneotique
1035 3883 1136 3943 notitia
1157 3883 1194 3943 ed
1217 3905 1271 3944 noo

608 3999 786 4078 pervenetit.
805 4038 1262 4060 .......................
1289 3996 1347 4060 315

338 4144 398 4161 --
462 4113 568 4177 CXXI.
585 4114 690 4176 Omnia
706 4117 838 4177 animalia
853 4116 960 4179 bebere
974 4119 1150 4179 intellectum
1161 4118 1220 4178 sui.
1233 4160 1262 4176 ..
1288 4114 1346 4179 325
