2950 4934
230 463 486 540 PHYSIOL.
513 462 902 537 sT01c011.L113.
928 464 1006 532 111.
1076 460 1143 531 665

68 625 137 671 tone
152 635 161 684 ;
175 623 226 671 aut
246 613 321 672 eirea
343 609 479 684 Liuiam,
495 630 561 669 eum
576 608 808 692 Endymionibus
830 610 999 671 Stoicorum.
1026 632 1039 660 i
1057 606 1146 668 Ridet

68 722 162 791 soite3
183 717 235 780 sed
255 720 342 799 etiarn
365 716 467 777 Cioero
488 716 563 777 buno
591 718 762 778 senteutiam
785 717 945 798 expressit,
968 727 1001 775 ut
1024 712 1148 775 Stoicam

67 827 107 908 (1
120 824 258 907 Tuscul.)
274 850 283 885 ε
301 852 315 879 α
329 823 454 887 Necesse
473 835 518 885 est
538 825 682 899 Animus,
698 846 758 907 quo
782 824 855 885 nibil
879 837 923 885 est
943 824 1090 897 velocius,
1107 823 1148 884 ita

69 932 192 1008 seratrrr,
208 946 242 993 ut
260 944 394 1016 penetret
412 944 443 991 et
455 930 567 993 dividat
585 954 672 992 omne
691 932 791 993 selum
811 932 884 1007 boo,
902 932 934 992 in
958 953 1017 1012 quo
1030 930 1147 1003 nubes,

69 1040 180 1104 imbres
191 1040 327 1121 ventique
342 1050 501 1121 unguntum
512 1060 600 1119 quom
610 1040 758 1122 regionem
769 1060 859 1121 quum
872 1036 1017 1120 superavit
1027 1037 1149 1099 Animus

72 1160 266 1228 naturamque
285 1147 330 1207 sui
348 1144 472 1234 similem
493 1145 632 1228 contigit,
656 1158 687 1206 et
701 1146 842 1229 agnovitr
859 1146 973 1225 junonis
994 1164 1031 1205 ex
1054 1144 1150 1205 anima

70 1254 175 1327 tenui,
197 1264 227 1313 et
246 1274 284 1313 ex
306 1250 410 1313 ardore
430 1252 504 1312 Solis
526 1263 708 1334 temperato,
728 1252 844 1335 ignibus
868 1251 994 1325 insistit,
1014 1262 1044 1310 et
1063 1250 1151 1309 tinem

71 1362 160 1421 altius
179 1359 318 1422 efferendi
340 1380 372 1420 se
391 1359 470 1421 iacit.
489 1360 586 1435 Quum
607 1361 692 1421 enim·
705 1361 750 1420 sni
766 1358 889 1420 similem
905 1372 934 1421 et
956 1358 1100 1419 levitatem
1123 1368 1152 1418 ot

72 1470 200 1531 eolorem
223 1468 344 1549 adeptus
370 1480 434 1541 est,
449 1480 585 1548 tanquam
613 1468 731 1549 poribus
751 1468 931 1553 examinatus
954 1463 1150 1547 ponderibus,

71 1577 185 1636 nullam
198 1577 229 1635 in
243 1587 354 1657 partem
368 1588 520 1636 movenrrs
540 1596 631 1657 eaque
650 1577 677 1634 ei
693 1574 816 1637 ‘demum
829 1574 967 1635 nonnulis
981 1586 1025 1633 est
1047 1570 1150 1645 sedes,

72 1706 167 1765 quum
183 1681 221 1744 ad
241 1684 287 1743 sui
303 1683 398 1743 simile
416 1684 599 1766 penetrsvit3
615 1685 646 1743 in
662 1705 721 1766 quo
737 1684 817 1745 nulla
838 1704 871 1745 re
885 1704 996 1767 egens,
1015 1682 1107 1742 aletur
1125 1691 1153 1740 et

73 1789 281 1849 sustentabitur
292 1787 507 1862 iisdemrebus,
524 1790 629 1870 quibus
644 1804 719 1851 astra
733 1800 928 1853 sustentantur
947 1801 978 1849 et
999 1788 1124 1850 aluntur.
1137 1812 1156 1839 υ·

75 1896 176 1957 Palam
199 1896 287 1970 dicit,
312 1897 460 1978 regionem
479 1896 624 1957 turbidam
650 1898 733 1958 Aeris
758 1918 930 1980 permeare,
956 1896 987 1954 in
1007 1894 1154 1975 superiore

75 2005 178 2065 sistere
191 2047 200 2079 ,
222 2025 313 2086 quum
325 2015 434 2063 naturus
447 2004 533 2063 simili
545 2047 554 2076 ,
570 2003 602 2063 id
615 2014 658 2065 est
670 2003 781 2065 AEtberi
791 2004 803 2086 (
815 2005 895 2084 eujus
904 2025 922 2062 a
931 2000 1013 2061 Luna
1022 1997 1156 2081 initium)

76 2113 306 2195 appropinquat,
322 2123 372 2169 out
385 2122 429 2170 est
440 2110 559 2169 mixtus.
578 2109 711 2171 Imauus
724 2112 831 2192 pariter
844 2108 915 2193 (lib.
931 2106 996 2189 IX)
1012 2132 1022 2167 r

234 2239 364 2308 ¹Quodque
374 2244 443 2308 pubet
454 2245 528 2289 taras
539 2238 612 2302 iuter,
627 2240 730 2310 celique
742 2246 837 2291 mestus
849 2278 856 2302 ,

244 2329 354 2381 Semidei
364 2346 448 2379 manes
458 2328 571 2381 habitant
584 2348 591 2378 ι
604 2348 668 2398 quos
677 2332 750 2399 ignes
761 2333 843 2384 Virtus

245 2423 368 2472 Innocuos
378 2421 443 2484 rita,
455 2421 575 2489 patientes
585 2422 690 2473 AEtberis
702 2423 747 2473 imi
778 2470 780 2475 ,

247 2513 333 2575 tecit,
346 2512 756 2581 uatunntnunmeotlegitio
768 2514 846 2565 orbes

79 2638 118 2696 ln
146 2633 263 2698 AEtlrcre
288 2615 346 2697 diro
369 2638 470 2718 pouit,
492 2639 570 2697 eirea
589 2635 701 2697 Lunam
728 2660 738 2695 ε
764 2658 817 2697 nec
838 2658 959 2713 omnes,
983 2639 1036 2699 sed
1055 2642 1159 2703 virtute

79 2754 257 2823 prestantes.
275 2741 384 2803 Plinius
398 2742 436 2801 ab
450 2743 504 2802 bac
517 2756 614 2803 mente
628 2743 683 2824 (ln
699 2742 822 2827 Paneg.)
837 2766 846 2802 =
867 2770 881 2798 α
898 2742 954 2809 Sed
970 2757 999 2805 et
1010 2754 1060 2821 tu,
1078 2760 1160 2827 pster

79 2848 223 2926 Traiane,
235 2850 327 2909 sinon
337 2849 432 2911 sidera
445 2891 454 2922 ‚
465 2850 627 2931 proximam
635 2861 732 2910 tumen
745 2850 886 2911 sideribus
895 2851 1007 2911 obtines
1021 2851 1129 2913 sedem.
1143 2877 1157 2907 n
1283 2844 1288 2857 ⁸

62 3020 66 3027 ,
80 2954 219 3015 Adulatio
233 2954 381 3038 Principes
392 2956 490 3038 ipsos,
507 2955 560 3016 sed
578 2968 775 3031 consecratos,
792 2958 933 3039 superiori
944 2959 1032 3033 celo,
1048 2971 1077 3019 et
1088 2959 1162 3019 inter

81 3060 162 3121 Deos
174 3104 184 3135 ,
198 3052 343 3125 mserebut
358 3086 367 3121 ε
384 3075 414 3124 nt
426 3075 476 3136 tu,
490 3063 601 3145 inquit,
615 3062 756 3145 Principis
770 3064 859 3123 nostri
873 3076 955 3143 poter
965 3064 1041 3123 inter
1050 3062 1161 3124 Heroas

82 3170 146 3251 agis
160 3181 190 3229 et
200 3167 368 3250 sapientum
381 3169 512 3243 animus,
530 3170 614 3248 juxta
627 3168 744 3244 sidera,
762 3182 791 3229 et
806 3172 837 3230 in
851 3190 917 3230 aere
933 3170 983 3230 illo
1002 3192 1136 3252 supremo
1150 3193 1159 3231 r

82 3288 136 3335 aut
156 3287 185 3335 et
204 3277 268 3357 ipso
284 3275 422 3350 AEtbere,
438 3275 491 3335 sed
504 3277 573 3336 imo.
586 3276 632 3335 th
645 3276 699 3336 boe
720 3288 817 3337 mente
831 3274 971 3350 sonasse,
986 3277 1064 3359 quod
1075 3275 1163 3337 Luuae

83 3383 207 3464 populos
224 3404 292 3443 suos
304 3384 423 3465 quidam
442 3384 529 3443 etiam
543 3403 560 3444 e
572 3382 673 3443 Stoicis
690 3384 799 3445 dabant
812 3408 821 3443 r
839 3384 876 3445 de
892 3406 950 3466 quo
964 3396 1030 3445 oute
1043 3387 1163 3447 memini

83 3489 194 3549 dixisse
210 3486 282 3571 (lib.
306 3489 359 3563 II,
386 3512 474 3571 supra
495 3490 572 3551 Diss.
598 3488 669 3573 ιιι).
693 3490 752 3552 sed
774 3492 915 3566 observa,
939 3492 976 3553 de
996 3491 1162 3575 Sapientum

84 3597 200 3657 Animis
218 3596 276 3657 beo
291 3594 349 3657 diei
367 3610 477 3659 tantum
498 3621 507 3657 r
526 3596 563 3658 de
581 3598 733 3659 stultorum
754 3610 784 3658 et
799 3599 936 3673 rudium,
951 3600 1006 3659 ulis
1022 3602 1162 3661 sententia

85 3716 146 3775 est,
166 3725 254 3785 quam
268 3704 445 3766 Tertulliano
457 3706 527 3767 item
542 3704 661 3767 ierimus
673 3718 833 3786 acceptam.
853 3706 926 3767 Nom
941 3729 1030 3789 quum
1043 3708 1074 3767 in
1087 3709 1163 3789 prio·

85 3811 169 3871 ribus
179 3811 274 3871 verbis
290 3810 447 3887 edidisset,
464 3811 611 3894 Sapientes
626 3811 750 3873 Ambrae
763 3812 801 3872 sd
815 3812 925 3873 Lunam
941 3813 1043 3889 evehi,
1059 3814 1160 3877 addit:

88 3946 104 3972 α
119 3916 198 3993 Quos
217 3919 335 4000 quidem
355 3918 503 4003 (Stoicos)
518 3922 617 3994 miror,
635 3919 714 4003 quod
732 3904 928 4003 imprudentes
949 3923 1067 3983 Animos
1087 3924 1163 3983 cirea

87 4037 194 4083 terram
203 4037 402 4106 prosternant,
417 4048 507 4109 quum
517 4028 580 4087 illas
591 4050 608 4087 a
618 4026 823 4110 sapientibus,
839 4028 929 4088 multo
948 4030 1161 4110 superioribus,

87 4131 197 4191 erudiri
213 4134 362 4193 affirment.
383 4160 397 4187 o
421 4134 533 4215 Dogmu
559 4136 656 4217 igitur.
680 4134 848 4216 sapientum
871 4136 982 4209 attolli,
1003 4134 1162 4218 vulgarium

89 4240 196 4299 versari
214 4252 243 4300 et
266 4242 343 4303 volvi
363 4242 438 4302 eires
452 4254 578 4313 terrum
594 4240 687 4303 donee
707 4242 815 4303 abillis
835 4242 1017 4317 Sopientibus
1032 4242 1161 4317 edoctu,
