2950 4934
368 418 639 488 E‘PlSTOLA
662 421 810 492 XCIX.
1066 425 1130 515 ¹59

68 553 231 646 querere?
247 553 294 620 Hi
308 555 410 620 snut¹
432 551 492 644 qui
506 549 606 622 nobis
619 551 789 645 objiciunt
801 553 944 620 nimium
957 554 1128 646 rigorem,

68 687 91 738 et
103 671 272 738 infamant
291 681 464 761 praecepta
481 682 595 738 nostra
613 667 763 753 duritia,
783 667 876 761 quod
893 665 1047 738 dicamus
1069 669 1132 739 do-

69 787 158 852 lorem
181 799 246 852 aut
266 779 513 852 admittendum
541 782 576 850 in
602 784 754 850 animum
774 805 844 850 nou
863 805 957 865 esse,
980 798 1041 852 aut
1062 784 1132 851 cito

69 899 306 994 expellendum.
327 901 452 968 Utrum
470 898 607 968 tandem
634 915 687 968 est
706 915 767 968 aut
791 898 1054 987 incredibilius,
1072 915 1133 970 ant

69 1015 293 1095 inhumanius,
314 1035 385 1082 non
406 1013 533 1080 sentire
552 1014 676 1082 amisso
693 1015 802 1082 amioo
821 1009 992 1100 dolorem,
1008 1035 1054 1083 sn
1066 1039 1133 1084 vo*

69 1128 220 1221 luptatem
233 1128 270 1194 in
284 1129 359 1219 ipso
373 1124 490 1194 dolore
505 1127 668 1218 aucupari
679 1128 693 1196 Ρ
706 1130 776 1195 Nos
790 1125 883 1220 quod
895 1129 1131 1221 praecipimus,

70 1243 238 1312 honestum
253 1258 326 1310 est:
344 1265 449 1334 quum
467 1240 598 1332 aliquid
614 1241 833 1312 lacrimarum
847 1243 989 1312 affectus
1004 1241 1132 1313 effinde-

72 1361 126 1442 rit,
141 1374 193 1442 et,
210 1358 306 1425 atita
322 1355 452 1437 dicam,
469 1335 824 1448 despumaveritpnon
838 1381 913 1426 esse
929 1355 1133 1430 tradendum
1209 1381 1215 1390 ·

70 1479 206 1544 oninium
224 1473 349 1542 dolori.
381 1471 477 1564 Quid
503 1487 540 1539 tu
567 1471 680 1540 dieis?
697 1472 905 1542 miscendam
933 1475 999 1568 ipsi
1023 1473 1133 1545 dolori

71 1588 289 1685 rolnptatcm!
306 1591 365 1660 Sic
380 1589 592 1658 consolamur
615 1589 767 1659 crustulo
786 1615 934 1684 pueros,
954 1591 1004 1660 sic
1022 1591 1134 1660 infan-

72 1708 144 1774 tium
166 1707 284 1774 fleurm
306 1705 418 1774 inluso
438 1705 526 1772 lacte
549 1705 807 1797 compescimus.
840 1707 892 1772 Ne
912 1704 973 1773 illo
993 1703 1131 1798 quidem

74 1838 214 1916 tempore
229 1873 240 1904 ‚
256 1846 325 1914 quo
343 1823 436 1891 filius
448 1819 567 1904 ardet,
588 1836 648 1888 aut
664 1821 794 1890 amicus
810 1822 959 1914 exspirat
975 1871 984 1905 ,
1001 1845 1133 1891 cessare

73 1944 187 2031 pateris
213 1940 439 2032 voluptatem,
471 1937 534 2007 sed
560 1941 670 2032 ipsum
697 1939 750 2008 ris
777 1938 915 2008 titillare
940 1963 1130 2010 moerorem.

73 2059 181 2125 Utrum
201 2049 378 2126 Honestius
397 2055 493 2124 dolor
510 2056 554 2123 ab
573 2058 689 2124 animo
709 2055 947 2140 submovetur,
969 2081 1015 2127 an
1032 2055 1133 2128 volu·

74 2191 138 2266 pras
148 2174 190 2241 ad
205 2173 357 2241 dolorem
369 2195 505 2264 quoque
520 2170 711 2239 admittitur
722 2173 942 2253 Padnrittitur,
957 2173 1036 2245 dico
1047 2176 1063 2242 P
1074 2199 1134 2243 co-

71 2305 184 2377 ptaon,
201 2303 234 2356 et
250 2284 390 2379 quidem
405 2309 446 2354 ex
461 2281 552 2378 ipso!
574 2287 663 2354 «Est
677 2285 810 2378 aliqua,
827 2288 960 2378 inquit,
980 2288 1135 2381 voluptas

78 2419 236 2496 nmgnsta
247 2404 393 2472 tristitiae
404 2400 596 2471 ².»-lltud
607 2401 936 2491 noblslicetdicere3
952 2403 1135 2499 vobisqui-

75 2518 142 2586 dcm
160 2543 229 2587 non
245 2515 339 2588 licet.
362 2520 474 2588 Unum
493 2517 620 2586 bonum
638 2519 765 2601 nostis,
788 2519 1012 2612 voluptatem3
1028 2547 1133 2590 unum

77 2637 209 2715 nalum,
226 2634 392 2705 dolorem.
407 2635 495 2726 Quae
508 2648 619 2727 potest
633 2636 723 2704 inter
737 2635 865 2704 bonum
879 2652 915 2704 et
927 2637 1052 2706 malum
1062 2661 1135 2710 etse

76 2755 247 2848 cognatio?
264 2751 332 2822 Sed
351 2765 432 2848 puta
451 2775 545 2838 esse3
566 2777 659 2822 nunc
674 2753 885 2846 potissimum
900 2751 1051 2824 eruitur³
1067 2757 1084 2824 Ρ
1101 2773 1136 2825 et

78 2869 175 2960 ipsum
196 2868 349 2936 dolorem
366 2859 571 2950 scrutamur,
591 2891 635 2934 an
655 2866 789 2958 aliquid
802 2865 928 2938 lrabeat
943 2869 1135 2962 jucundum

78 2987 157 3053 circe
169 3009 204 3054 se
215 3001 250 3054 et
261 2983 511 3078 voluptariumil
523 2981 689 3074 Quaedam
709 2983 876 3068 remedia,
893 2983 969 3054 aliis
982 2986 1137 3078 partibus

80 3103 216 3195 corporis
235 3101 414 3186 salutaria,
432 3099 526 3169 velut
545 3097 631 3168 foeda
648 3113 682 3167 et
698 3097 861 3168 indecora
882 3100 1040 3170 adhiberi
1060 3103 1137 3171 aliis

80 3235 259 3310 nequeunt3
282 3234 338 3301 et,
365 3214 458 3310 quod
480 3215 586 3284 aliubi
612 3213 787 3309 prodesset
803 3217 877 3286 sine
894 3219 1018 3288 damno
1033 3243 1137 3289 vere-

80 3333 218 3419 rundia,
246 3334 283 3403 id
307 3335 345 3403 lit
369 3334 586 3402 inhonestum
610 3331 684 3400 loco
702 3332 865 3402 vulneris.
885 3337 962 3403 Non
978 3352 1012 3404 te
1030 3336 1137 3430 pudet

82 3449 193 3522 luctum
207 3453 380 3546 voluptate
392 3451 533 3520 sanare?
546 3451 706 3518 Severius
718 3451 784 3519 ista
794 3451 896 3546 plaga
907 3454 1057 3523 curanda
1070 3471 1134 3523 est.

112 3745 130 3778 r.
141 3726 181 3779 Hi
189 3736 268 3788 sunt,
283 3738 329 3778 etc.
342 3721 384 3778 Cl.
395 3724 427 3776 de
446 3719 576 3776 Constant
659 3721 684 3774 3.
697 3719 773 3774 Nunc
783 3719 951 3789 potissimum
963 3724 1067 3775 eroirnr.
1086 3723 1137 3775 lut.

87 3804 134 3876 Sep
145 3826 194 3877 esp.
203 3805 237 3869 3,
252 3825 264 3858 ι
278 3817 332 3858 not.
343 3803 435 3856 dichk-
626 3820 688 3852 num
695 3813 792 3874 tempus
800 3812 837 3853 est
843 3812 1013 3872 opportunum
1020 3799 1088 3852 hanc
1096 3822 1137 3852 ro·

114 3877 579 3952 sVotnprascognaeatrisrr'te'msts·
625 3877 726 3951 luptatis
748 3898 806 3931 rum
827 3897 932 3931 merore
960 3879 1137 3948 cognationem

89 3958 140 4012 tius:
149 3961 238 4014 «Tune
246 3957 318 4026 llere,
328 3972 351 4011 et
360 3957 475 4012 scindere
487 3969 577 4024 vestes,
628 3975 730 4018 emere,
744 3975 824 4025 quum
839 3955 886 4007 tibi
907 3951 974 4008 lilius
986 3969 1031 4009 snt
1042 3957 1139 4009 amitus

92 4040 199 4111 Fataque,
211 4055 235 4094 et
252 4041 359 4112 injustos
375 4039 470 4092 rabidis
480 4038 577 4112 pulsare
628 4032 753 4107 exspirat?
771 4035 841 4087 Num
861 4033 933 4086 decet
949 4034 982 4086 sd
995 4035 1066 4087 illam
1077 4048 1137 4087 tunc

92 4119 183 4184 querelis
194 4118 343 4185 celicola,
356 4118 469 4172 solamen
489 4130 548 4170 erse
562 4139 576 4164 n
628 4114 786 4186 confugere,
802 4123 826 4162 et
839 4111 867 4164 in
879 4112 993 4165 dolorem
1011 4113 1137 4184 inquirere

94 4195 147 4248 tite
157 4199 311 4254 Aristotelem
322 4199 333 4249 1
345 4197 449 4252 Rhetor.
460 4217 483 4252 c.
498 4215 535 4250 tr.
547 4195 579 4248 L.
630 4213 661 4246 sn
674 4192 765 4246 hsbest
774 4190 927 4264 voluptatem
939 4193 1006 4247 circa
1018 4213 1043 4246 se
1055 4192 1068 4246 ?
