2950 4934
317 463 384 548 460
545 397 549 404 ’
699 455 986 527 ΕΧοΕιῑΡτΔ

316 589 508 686 illudenim
524 610 588 682 per
600 586 694 681 quod
703 588 793 658 bene
808 611 867 674 es,
884 612 953 658 nou
971 591 1073 658 estin
1088 590 1180 677 loco,
1196 588 1308 659 sedin
1323 589 1386 658 bo-

315 709 423 775 mine.
436 705 533 774 Nihil
546 729 728 799 magnum,
744 707 811 780 uisi
827 729 950 799 magno
965 707 1079 775 animo
1097 703 1276 800 despicias.
1299 707 1385 799 Qnae

316 837 396 892 sunt
410 821 562 892 maximta
574 818 703 888 divitie
715 821 731 888 i
744 843 815 888 uon
833 817 1030 889 desiderare
1043 817 1191 889 divitias.
1206 821 1297 913 Quis
1310 821 1386 914 plu·

315 939 439 1006 rimum
457 935 585 1006 habet?
598 937 628 1006 ia
643 937 703 1028 qui
719 938 864 1006 nimium
880 937 987 1030 cupit.
1007 935 1104 1028 Quid
1120 954 1171 1006 est
1184 935 1266 1004 date
1279 936 1387 1004 benc·

314 1053 459 1121 ficium?
481 1055 591 1120 Deum
610 1053 748 1120 imitari.
766 1054 948 1122 Honestius
978 1068 1028 1121 est
1051 1078 1156 1146 quum
1176 1052 1387 1145 judicaveris

315 1191 447 1250 amare,
468 1191 689 1260 quamquam
706 1170 872 1237 amaveris
885 1167 1054 1261 judicare.
1072 1169 1243 1238 Dissentio
1257 1167 1303 1236 ab
1321 1168 1387 1236 alio

314 1285 473 1377 incipiat,
494 1307 516 1351 a
543 1299 577 1352 te
593 1299 707 1352 autem
732 1284 978 1353 reconciliatio.
1002 1285 1170 1353 Succurre
1192 1288 1387 1377 paupertati
1469 1267 1470 1354 i

314 1398 513 1480 amicorum,
524 1398 627 1468 immo
636 1397 937 1467 occurre.Amicos
949 1397 1106 1466 secunde
1116 1421 1171 1466 res
1181 1412 1319 1490 parant,
1329 1396 1387 1465 ad·
1469 1425 1470 1500 j

314 1537 420 1584 verte
446 1513 634 1589 certissime
657 1512 816 1608 probant.
836 1515 957 1606 Pejora
975 1529 1054 1582 sunt
1070 1529 1157 1583 tecta
1180 1513 1260 1582 odia
1283 1539 1383 1606 quam
1469 1535 1470 1560 ³

314 1647 432 1724 aperta
453 1657 462 1697 t
481 1633 596 1726 itaque
615 1648 650 1700 te
668 1631 781 1702 minus
799 1632 922 1724 loquax
940 1633 1098 1700 inimicus
1117 1630 1261 1702 offendit
1282 1657 1384 1726 quam
1469 1677 1470 1688 κ

314 1748 448 1815 tacitus.
462 1748 551 1816 Mira
562 1748 649 1818 ratio
657 1762 710 1819 est
722 1771 799 1839 que
811 1770 880 1816 non
895 1748 967 1818 vult
980 1748 1180 1843 predicari,
1195 1749 1291 1841 quod
1304 1775 1384 1844 gau·
1469 1731 1470 1738 ἵ

314 1859 374 1934 det
386 1863 546 1958 intelligi.
558 1864 693 1957 ignosci
710 1879 813 1950 amat,
823 1865 883 1956 qui
899 1863 992 1957 quod
1009 1863 1094 1952 odit,
1109 1863 1272 1936 ostendit.
1289 1865 1385 1934 Elee·
1469 1851 1470 1864 ¹

314 2004 453 2074 mosyna
465 2003 534 2049 non
545 1995 611 2050 tam
625 1979 873 2075 accipientibus
886 2005 987 2073 quam
1003 1981 1163 2050 dantibus
1174 1981 1329 2075 prodest.
1345 1985 1385 2050 Et
1469 1987 1470 2020 ¹

314 2117 391 2188 spes
406 2094 537 2188 premii
561 2092 717 2164 solatium
733 2094 774 2164 fit
791 2093 932 2165 laboris.
950 2095 1037 2187 Qua
1054 2111 1107 2164 est
1126 2098 1271 2164 maxima
1286 2119 1385 2190 eges-
1469 2173 1470 2176 Ἴ

314 2226 366 2278 tas
381 2212 397 2277 P
413 2212 568 2280 aventin.
588 2213 747 2282 Pecuniae
770 2213 938 2306 imperare
963 2227 1116 2307 oportet,
1146 2237 1216 2280 non
1237 2213 1380 2281 servire.
1469 2197 1470 2206 ἵ

311 2327 450 2396 Nullum
479 2330 652 2398 conscium
686 2343 900 2422 peccatorum
930 2345 1065 2401 tuorum
1097 2332 1204 2422 magis
1228 2331 1383 2399 timueris

312 2466 414 2535 quam
425 2445 652 2538 temetipsum.
668 2445 783 2515 Alium
801 2461 898 2540 potes
915 2447 1088 2538 effugere,
1106 2461 1141 2514 te
1156 2461 1272 2514 autem
1292 2471 1383 2514 nun-

313 2583 427 2650 quam.
449 2560 538 2652 Quis
559 2579 611 2632 est
633 2563 792 2655 pauper?
809 2563 868 2653 qui
887 2562 955 2634 sibi
972 2561 1120 2630 videtur.
1138 2561 1211 2653 Qui
1227 2585 1250 2628 a
1270 2560 1382 2630 multis
1469 2561 1470 2582 ¹

313 2677 463 2758 timetur,
480 2678 603 2751 multos
619 2680 728 2748 timet.
745 2676 920 2751 Infelicem
938 2680 1049 2772 erige,
1065 2678 1226 2746 submitte
1242 2677 1383 2746 felicita·
1469 2689 1470 2738 l

310 2809 395 2866 tem.
408 2796 496 2862 Vera
509 2795 652 2864 felicitas
665 2795 859 2867 innocentia
876 2810 939 2866 est.
951 2795 1112 2887 Nequitia
1127 2795 1200 2887 ipsa
1216 2794 1272 2862 sui
1284 2817 1382 2885 poeua
1469 2817 1470 2878 j

309 2925 373 2980 est.
389 2911 481 2984 Mala
493 2913 699 2982 conscientia
712 2935 801 3006 saepe
816 2927 887 2980 tuta
901 2925 971 2993 eat,
989 2933 1108 2978 secura
1118 2931 1308 3001 nunquam.
1324 2910 1383 2976 Li·

308 3025 438 3096 bidinis
455 3029 553 3096 initia
566 3027 778 3111 continebit,
799 3029 859 3119 qui
880 3028 1005 3096 exitum
1022 3021 1197 3118 cogitabit.
1216 3025 1381 3093 beneficii

308 3141 439 3233 accepti
456 3165 633 3234 uunquam
644 3158 779 3235 oportet
797 3139 973 3222 oblivisci,
994 3137 1065 3208 dati
1082 3139 1253 3230 protinus.
1273 3138 1381 3210 lubo-

308 3269 404 3326 nesta
420 3256 564 3325 victoria
581 3273 633 3325 eat
653 3281 731 3326 suos
752 3256 903 3326 vincere.
925 3257 1014 3326 Satis
1039 3270 1092 3324 est
1116 3278 1294 3348 poermrum
1311 3277 1383 3347 po-

307 3373 412 3440 tuisse
428 3373 559 3464 puniri.
578 3357 778 3445 Inimicitias
795 3373 891 3442 tarde
909 3373 1062 3467 suscipe,
1080 3372 1245 3446 amicitias
1258 3394 1383 3442 exerce

307 3486 493 3558 moderate.
515 3489 710 3558 Simultates
734 3488 882 3582 depone.
909 3491 1025 3584 Imago
1049 3490 1156 3562 animi
1180 3511 1288 3558 sermo
1310 3506 1380 3557 est.

306 3605 430 3697 Qualis
447 3607 517 3688 vir,
545 3605 622 3674 talis
641 3607 764 3676 oratio.
790 3609 916 3700 Magna
932 3629 987 3674 res
1006 3623 1057 3675 est
1079 3608 1173 3674 vocis
1198 3619 1232 3672 et
1248 3603 1385 3672 silentii

308 3737 623 3816 temperamentum.
638 3725 711 3817 Qui
724 3747 823 3818 aequo
835 3725 947 3795 animo
960 3723 1056 3792 malis
1070 3723 1290 3802 immiscetur,
1305 3745 1386 3790 ma-

306 3835 359 3904 lus
378 3849 442 3904 est.
461 3835 639 3904 Neminem
662 3835 872 3926 laudaveris,
894 3839 1065 3906 nemiuem
1088 3836 1156 3906 cito
1186 3837 1382 3919 accusaris,

305 3973 439 4043 semper
454 3966 536 4044 puta
555 3966 590 4020 tc
611 3975 689 4022 cum
704 3950 771 4022 diis
793 3953 1021 4022 testimonium
1035 3952 1163 4021 dicere.
1177 3952 1308 4020 Vitium
1332 3969 1387 4022 eat

308 4063 420 4131 omnia
435 4063 597 4148 credere,
613 4067 734 4136 vitium
755 4065 845 4136 nibil
858 4063 1011 4136 credere.
1027 4065 1196 4136 Utendum
1214 4080 1266 4134 est
1282 4064 1387 4136 divi·

309 4185 389 4272 tiis,
404 4209 475 4256 non
487 4187 708 4281 abutendum.
725 4189 865 4262 Nullum
876 4189 1049 4286 putaveris
1065 4188 1176 4260 locum
1189 4190 1263 4258 sine
1276 4203 1380 4262 teste.
