2950 4934
315 483 382 569 540
681 478 829 554 susm
852 479 1014 554 mrsu

312 627 380 685 siris
392 622 501 707 aliquid
514 624 663 687 addamus.
677 627 752 688 Aoo.
768 627 928 688 Irnounurn
937 629 1052 709 requiro
1062 639 1165 688 tactum
1175 627 1281 709 magis,
1291 647 1378 707 quam

312 733 398 816 plene
416 733 543 808 dcam,
569 735 606 794 de
621 733 742 808 Amisso,
760 737 810 818 qui
827 733 937 796 Genius
955 759 1022 797 suus
1041 737 1154 819 cuique.
1173 733 1251 796 ers.
1270 733 1375 816 litigi,

310 841 465 923 perficiam.
482 841 640 924 Apuleiuss
654 871 668 897 α
680 843 810 919 Quodam
824 845 983 926 significatu
997 845 1116 905 Animus
1126 843 1278 915 hurnanus,
1290 841 1375 900 etiam

309 971 386 1010 nunc
401 949 431 1008 in
446 971 567 1031 corpore
579 951 669 1024 situs,
686 951 805 1012 Damon
820 963 1014 1032 nuncupatur.
1033 977 1048 1006 s

475 1085 1042 1151 ..nlllnelrnneerdorensmenlibns'eddunt

328 1204 344 1245 χ
469 1174 1089 1253 Μὼωωιωὶφοθωίὶίᾶἰησιρῦἓ

307 1301 397 1384 Igitur
416 1315 445 1362 et
469 1301 549 1364 Bona
573 1303 679 1386 cupido
698 1307 788 1369 animi
803 1305 885 1372 Deras
896 1305 988 1376 bonus
1005 1316 1058 1365 est.
1074 1299 1160 1364 Unde
1174 1302 1305 1362 nonnulli
1321 1325 1372 1363 ar-

306 1409 463 1483 bitrentur,
482 1413 643 1494 ectum
656 1411 713 1472 dici
729 1411 860 1486 Beatos¹,
879 1433 1001 1493 quorum
1015 1411 1133 1471 Damon
1142 1409 1252 1482 bonus,
1269 1409 1371 1479 idest,

303 1515 415 1574 animus
433 1516 547 1576 Virtute
568 1517 711 1598 periectos
731 1530 785 1584 est.
808 1517 902 1603 Quem
922 1529 1018 1576 nostra
1036 1515 1150 1597 lingum,
1167 1513 1246 1573 haud
1261 1515 1320 1574 scio
1335 1537 1370 1574 an

303 1620 396 1694 bono,
413 1633 492 1681 certe
507 1622 625 1704 quidem
640 1645 705 1684 meo
719 1623 866 1705 periculo,
882 1625 989 1704 poteris
1009 1621 1135 1681 Genium
1149 1640 1253 1710 uocare
1270 1643 1279 1678 =
1297 1643 1372 1702 quo-

304 1729 381 1788 niam
395 1729 420 1787 is
434 1728 528 1803 Deus,
544 1730 596 1810 qui
611 1740 656 1790 est
668 1728 788 1792 Animo
799 1752 867 1794 suos
884 1730 1005 1810 cuique,
1021 1749 1185 1812 quanquam
1200 1727 1238 1786 sit
1252 1729 1372 1788 immor-

302 1835 385 1912 talis,
402 1848 497 1902 tamen
513 1837 723 1919 quodammodo
738 1861 804 1898 eum
814 1836 930 1899 homine
940 1838 1063 1920 genitur.
1077 1863 1091 1890 ι
1106 1811 1179 1896 dotis
1189 1836 1276 1917 plene
1287 1847 1371 1916 atque

304 1943 389 2008 etiam
404 1945 489 2028 plane
502 1944 567 2030 istic
581 1943 680 2006 habes.
698 1943 836 2026 Respexit
849 1942 1058 2027 Epicharmus:
1460 2005 1461 2046 q

466 2074 585 2159 ὀψίης
592 2089 733 2160 Μρῦπαα
744 2088 832 2158 diripui
839 2089 938 2155 ἇγιθδς,
947 2084 1017 2151 sicali
1028 2087 1066 2154 tql
1079 2085 1155 2149 eosde-

469 2177 1178 2244 umhomuicsnimbonummutedivemmlm.
1460 2205 1461 2218 i

305 2309 400 2372 Etiam
421 2311 600 2390 Heraclims,
617 2336 708 2395 quum
722 2314 820 2376 dixits
839 2339 853 2368 s
866 2312 944 2396 quod
962 2311 1113 2395 Ingenium
1133 2309 1243 2370 homini
1260 2309 1369 2370 Genius

303 2418 349 2477 sit.
365 2445 379 2471 a
396 2419 490 2500 Atque
504 2421 544 2480 ita
556 2420 674 2503 quidam
686 2420 811 2482 Socratis
823 2419 895 2483 illud
908 2417 1084 2480 Dementiae
1097 2417 1210 2478 celebre
1226 2418 1354 2499 inteapre

303 2523 507 2608 tantur(l’lut.
524 2539 554 2587 et
569 2524 689 2607 Cicero)
704 2547 713 2586 t
728 2527 934 2608 utquoniam=
953 2525 1099 2586 «Animus
1120 2525 1161 2584 illi
1183 2546 1293 2608 purus,
1308 2537 1368 2586 eta

302 2653 421 2713 corpore
437 2635 561 2696 maxime
575 2635 732 2694 abstractus
745 2631 815 2708 luit,
827 2631 960 2693 facillime
971 2631 1084 2693 audiret
1098 2643 1183 2712 atque
1196 2629 1369 2711 intelligeret
1460 2661 1461 2668 κ

303 2739 410 2798 monita
428 2739 566 2801 Deorum.
586 2766 602 2794 s
618 2739 790 2822 Quanquam
810 2738 858 2799 ulii
873 2761 940 2800 vere
953 2738 991 2799 ad
1005 2736 1149 2798 Privatum
1165 2734 1294 2796 Genium
1309 2737 1371 2815 ejus
1460 2741 1461 2746 ’

301 2844 445 2921 referunt,
461 2848 511 2929 qui
525 2869 556 2907 se
570 2848 596 2908 ei
611 2848 797 2929 conspicuum
810 2847 894 2908 eliam
906 2844 1035 2920 dederit,
1050 2844 1149 2927 paucis
1162 2841 1281 2904 tactam.
1298 2843 1372 2902 Am-

301 2952 429 3027 mianus,
445 2952 482 3013 de
493 2953 657 3014 Constantio
667 2953 844 3037 Imperatore
856 2952 919 3035 (lib.
934 2950 1037 3034 XX1)=
1051 2978 1064 3004 a
1075 2949 1208 3010 Posthac
1221 2949 1373 3024 coufessus

300 3070 342 3117 cst
364 3059 571 3120 convictoribus
591 3060 748 3140 proximis,
770 3059 866 3142 quod,
888 3070 1022 3139 tauquam
1048 3056 1205 3131 desolatus,
1225 3067 1371 3132 κατείπω

297 3164 412 3245 aliquod
422 3165 521 3226 videre
532 3165 665 3241 desierit,
677 3165 756 3247 quod
766 3165 909 3226 interdum
919 3163 1085 3248 squallidius
1096 3161 1222 3225 adfuisse
1229 3163 1372 3238 sibiali-

296 3269 401 3329 mabat.
426 3269 465 3330 Et
483 3273 634 3353 putabatur
648 3271 759 3333 Genius
774 3270 908 3354 quidam,
931 3271 1025 3339 tutele
1040 3271 1101 3352 ejus
1117 3270 1283 3354 appositus,
1301 3291 1370 3330 eum

295 3377 463 3458 reliquisse,
486 3380 569 3440 citius
589 3378 793 3463 digressurum.
816 3378 840 3438 F
841 3390 924 3438 erimt
944 3379 1021 3438 enim
1035 3377 1192 3460 Theologi,
1214 3378 1246 3438 in
1269 3377 1370 3438 lucem
1460 3373 1461 3444 J

295 3481 378 3542 editis
389 3483 549 3545 bominibus
559 3487 685 3561 cunctis,
699 3486 778 3545 salva
787 3486 919 3546 firmitate
932 3484 1027 3558 fatali,
1042 3482 1203 3563 hujusmodi
1213 3483 1380 3566 quaedem,
1460 3507 1461 3512 ¹

295 3588 374 3649 velut
392 3601 471 3650 aetus
490 3603 602 3652 rectura
617 3590 741 3653 Numina
761 3593 862 3662 sociari
879 3616 888 3652 ι
905 3590 1058 3652 admodum
1072 3601 1167 3652 tamen
1182 3591 1369 3672 paucissimis
1460 3655 1461 3668 p

295 3695 752 3780 visa‚quosmultiplicesauxere
764 3699 892 3761 virtutes.
907 3725 921 3752 o
938 3699 994 3758 Dat
1008 3683 1370 3759 deindellomerumaoe-
1460 3683 1461 3746 i

296 3813 403 3875 torem,
425 3803 455 3861 in
476 3803 557 3882 cujus
577 3805 657 3864 libris
678 3802 765 3864 Genii
781 3827 846 3865 cnm
861 3805 929 3865 viris
945 3801 1062 3866 sortibus
1078 3815 1242 3878 versantur,
1268 3817 1299 3864 et
1314 3803 1368 3862 lu-

294 3915 421 3984 quuntur
438 3927 446 3963 =
465 3905 533 3964 item
554 3905 768 3989 «Pythagoram
790 3906 892 3968 horum
916 3906 1095 3969 adminiculis
1119 3907 1270 3990 precipuis
1294 3906 1367 3966 eni-

294 4011 391 4085 tuisse,
401 4025 429 4072 et
434 4010 576 4074 Socratem
584 4055 593 4086 ,
600 4013 757 4078 etNumam
765 4014 934 4096 Pompilium
941 4058 950 4089 ,
958 4025 987 4077 et
997 4015 1171 4098 superiorem
1178 4013 1343 4097 Scipionem
1352 4054 1362 4084 ,

324 4227 374 4278 lh
384 4229 577 4283 cunductitii.
588 4235 624 4297 ll,
636 4235 735 4286 Dinart-
748 4253 801 4288 arx.
