2950 4934
314 500 382 569 662
685 500 705 565 Ι
712 498 838 567 USTI
861 498 1020 569 LIPSll

313 672 403 723 naum
424 673 492 721 est:
513 682 550 721 nn
569 672 599 719 et
612 660 720 721 Stoicos
739 660 868 721 sddsmi
889 660 999 721 Volunt
1021 661 1110 742 uliqui
1125 660 1395 735 veterummtln-

315 769 440 828 etantius
453 766 524 849 (lih.
545 766 612 839 ΙΙΙ,
630 790 695 849 cap.
717 764 801 848 18):
822 794 837 821 ι
857 767 1013 848 Superesse
1027 768 1145 827 Animas
1165 780 1229 849 post
1246 779 1391 840 mutan,

316 874 497 957 Pythagorici
511 886 541 934 et
553 872 639 937 Stoici
661 874 798 935 dixerunt
811 897 821 933 e
836 896 943 955 easque
952 896 1012 935 non
1025 876 1124 948 nasci,
1139 874 1193 935 sed
1206 876 1349 935 insinuari
1362 878 1393 935 in

316 1002 447 1061 corpora,
461 980 534 1043 etde
544 980 608 1041 aliis
619 982 650 1041 in
660 980 717 1041 alia
726 980 882 1063 migrare»
894 980 969 1041 Item
978 979 1238 1061 Dumamenusssle
1248 980 1392 1061 Heres).

317 1114 331 1141 a
341 1087 428 1147 Stoici
443 1109 546 1170 corpus
561 1087 692 1149 occidere
705 1130 713 1161 ,
732 1088 861 1147 animum
876 1109 893 1147 a
907 1108 1027 1168 oorporc
1042 1088 1074 1147 in
1088 1108 1193 1170 eorpus
1205 1089 1396 1171 migrarem-

313 1194 387 1257 luat.
404 1222 418 1249 s
437 1196 544 1257 Tamen
560 1196 619 1255 hare
633 1194 751 1257 assertio
764 1194 836 1254 mihi
851 1215 978 1275 anceps,
993 1206 1024 1255 et
1036 1194 1116 1278 apud
1130 1193 1251 1255 idoneos
1264 1208 1395 1255 auctores

313 1300 371 1361 tole
384 1302 455 1363 nihil
468 1344 476 1375 ‚
491 1304 579 1363 immo
595 1314 713 1375 eontra,
730 1300 806 1383 lego.
829 1300 903 1361 Nam
917 1302 1028 1360 Anime
1041 1300 1099 1360 illis
1109 1298 1148 1359 ad
1167 1299 1251 1360 eaelos
1263 1302 1393 1371 abeunt,

316 1419 351 1466 et
358 1409 503 1469 socientur
513 1410 607 1483 astris,
621 1430 689 1469 mox
701 1406 870 1469 videndum.
885 1408 930 1468 De
942 1406 1157 1490 migratione,
1171 1425 1318 1489 nusquam
1329 1428 1398 1467 rer-

316 1514 385 1575 hum
400 1538 409 1575 a
426 1516 481 1577 nisi
498 1516 523 1577 si
539 1514 593 1575 hoo
615 1516 802 1598 intelligunt,
816 1511 863 1575 'ex
884 1514 986 1575 eadem
1005 1515 1142 1575 Universi
1161 1514 1268 1573 Anima
1290 1514 1395 1574 iterum

315 1621 386 1683 olias
396 1620 514 1683 Animas
526 1622 695 1695 lieri‚etsic
705 1620 910 1703 orhequodam
921 1622 1054 1682 moirti:
1067 1622 1156 1682 immo
1166 1620 1284 1681 eosdem
1296 1623 1394 1692 etiam,

315 1742 380 1810 post
391 1728 495 1790 Mundi
507 1730 731 1791 innovationem.
743 1729 803 1790 Sed
812 1728 899 1812 longa
912 1727 972 1788 laaec
986 1729 1023 1788 ah
1037 1728 1086 1788 illa
1099 1727 1290 1811 Pythagorica
1305 1754 1397 1809 pimp-

317 1839 438 1919 iuxdmr
458 1860 467 1897 r
484 1858 546 1919 qim
567 1836 1121 1917 ostdeoorporeinoorpnstnnsitio,
1146 1849 1177 1897 et
1197 1858 1326 1897 cnrnon
1342 1835 1397 1895 la·

316 1945 376 2005 tine
388 1942 618 2003 Tmoatnoat
629 1944 645 2002 ?
655 1941 700 2001 De
715 1964 772 2024 qna
788 1954 817 2001 et
830 1940 967 2001 Platonici
980 1942 1088 2017 multa,
1098 1942 1216 2025 vulgato
1225 1954 1277 2001 ant
1289 1944 1394 2003 obrius

316 2050 388 2132 qnid
402 2062 512 2109 veteres
527 2050 615 2107 nostri
630 2045 726 2107 Galli?
744 2049 775 2108 in
791 2046 893 2107 eodem
908 2068 994 2107 sensu
1007 2048 1133 2109 luerunt.
1147 2048 1192 2107 An
1206 2046 1395 2131 oPythsgon

316 2155 441 2217 llmides
458 2155 621 2227 homerint,
638 2154 755 2225 nescim
771 2176 809 2213 sn
822 2154 918 2235 potius
938 2156 1001 2235 ipse
1020 2155 1058 2215 ah
1076 2155 1133 2215 illis
1152 2178 1163 2213 c
1178 2174 1247 2215 nam
1266 2168 1396 2215 auctores

317 2263 428 2335 haheo,
456 2290 469 2315 n
483 2260 583 2322 ¹Gallos
602 2284 669 2323 eum
684 2261 809 2321 audiisse
822 2274 854 2321 et
865 2258 1067 2323 Brachmanas.
1081 2286 1097 2313 s
1115 2260 1228 2343 (Clam.
1253 2261 1269 2320 Ι
1289 2262 1393 2323 Strom.

315 2370 367 2431 lib.
385 2366 464 2448 vl.)
485 2367 634 2429 Gallorum
657 2367 775 2449 quidem
798 2366 853 2427 hoo
874 2366 989 2449 dogma.
1013 2367 1106 2429 Cesar
1124 2391 1133 2427 r
1153 2394 1167 2421 ι
1191 2367 1257 2430 lion
1279 2368 1396 2428 interire

317 2477 455 2546 Animas,
470 2474 522 2537 sed
537 2476 574 2533 ah
587 2475 650 2533 aliis
666 2486 731 2555 post
746 2487 868 2534 mortem
887 2475 1011 2535 masin
1023 2473 1063 2533 ad
1078 2476 1158 2534 alios.
1178 2500 1194 2527 s
1210 2473 1345 2535 Lucanus
1361 2473 1396 2534 ad

318 2586 395 2665 ipsos
409 2582 534 2643 Druidas
549 2580 619 2664 (lih.
639 2580 674 2661 I)
690 2604 698 2641 ε
777 2581 792 2635 ι’

356 2704 366 2727 ’
619 2743 725 2761 .......
739 2708 976 2771 vohisunetmilsus,
989 2708 1081 2760 umbre

483 2806 538 2854 Non
550 2802 636 2853 unitas
647 2802 718 2853 Erebi
730 2800 799 2852 sodes
809 2838 818 2863 ‚
829 2802 942 2871 Ditisque
952 2800 1070 2870 profundi

483 2892 576 2943 Pallida
587 2911 660 2961 regnu
673 2898 762 2961 petunt
775 2911 781 2940 :
795 2892 858 2959 regit
869 2891 936 2943 idem
945 2893 1045 2961 spiritus
1053 2898 1119 2943 athis

485 2985 550 3035 Orbe
563 2984 629 3047 ello,
647 2986 742 3050 longa,
756 2985 842 3034 canisi·
853 2986 874 3033 si
886 2985 1000 3051 cognitu,
1013 2985 1079 3033 vita.

320 3090 376 3152 Sed
394 3104 421 3150 et
438 3088 589 3150 Gennanis
606 3088 741 3147 adscribit
752 3086 965 3171 Ap'piaunsUn
979 3078 1110 3168 Celtic'o)
1125 3110 1133 3145 ι
1154 3113 1168 3140 α
1183 3085 1315 3146 Moribus
1326 3086 1397 3161 leri,

322 3196 442 3257 audacia
453 3196 656 3278 promptissimi
667 3206 744 3265 sunt,
755 3205 783 3253 ct
789 3195 887 3253 mortis
894 3205 1119 3275 contemptores,
1129 3193 1167 3252 oh
1176 3214 1258 3274 spem
1268 3194 1400 3253 socundus⁴

322 3308 423 3365 iterum
441 3304 514 3363 vitm.
536 3328 550 3355 a
568 3301 698 3362 Julianus
715 3300 819 3372 cesar,
841 3300 928 3359 etiam
942 3298 1023 3360 Getis
1038 3344 1047 3374 ,
1062 3300 1167 3381 quihus
1183 3328 1199 3355 α
1212 3298 1397 3375 anolxim‚

322 3412 371 3492 qui
388 3408 464 3492 opud
480 3430 528 3467 eos
542 3407 654 3480 colitur,
670 3380 744 3464 hand
759 3406 923 3485 opinionem
938 3406 1075 3466 insevisse
1089 3432 1104 3457 υ
1120 3406 1217 3467 scribit
1231 3405 1288 3489 (ln
1303 3408 1401 3467 Casa-

322 3516 433 3599 ribus.)
458 3518 558 3598 ltaque
581 3516 668 3575 iidem
693 3516 757 3574 vitae
780 3514 918 3596 prodigi:
942 3541 957 3568 a
974 3536 1032 3574 non
1053 3516 1145 3588 mori,
1161 3514 1213 3576 sed
1227 3518 1356 3599 migrare
1371 3540 1402 3577 se

322 3627 526 3687 existimantes.
547 3649 560 3675 a
578 3622 675 3682 Simile
692 3621 797 3680 novelli
812 3620 921 3701 aliquot
934 3619 1012 3680 Indi.
1028 3620 1105 3695 Quin
1120 3620 1212 3683 Jndaei
1226 3625 1400 3704 posteriores

321 3734 374 3795 hoo
392 3754 486 3793 errore
501 3728 609 3813 perfusi
628 3753 635 3787 =
655 3730 732 3809 quod
748 3726 878 3787 lustinus
893 3726 1099 3808 Martyrnotnt
1111 3725 1171 3809 (ln
1184 3727 1352 3811 Dialogo),
1372 3743 1399 3789 et

321 3838 524 3903 Tholmudistae
541 3838 721 3920 profitentur.
738 3837 764 3895 Α
778 3857 836 3917 qnu
850 3856 936 3895 causa
953 3836 984 3894 iu
999 3834 1092 3895 Sacris
1112 3837 1215 3895 nostris
1232 3836 1318 3898 libris
1331 3840 1399 3918 opi·

319 3952 380 4011 nati
396 3946 570 4019 scribuntur,
588 3971 602 3999 ιι
623 3943 767 4005 Christum
785 3964 847 4003 esso
863 3956 914 4003 aut
927 3942 1100 4016 termium,
1116 3956 1165 4003 aut
1177 3940 1284 4003 Ellam.
1304 3971 1319 3997 ι
1338 3944 1398 4025 Ipsi

320 4056 473 4119 Christiani
487 4054 576 4137 aliqui
591 4054 631 4113 sio
649 4052 897 4125 domentiverunt‚
912 4049 1116 4132 Carpocrates,
1129 4063 1158 4112 ot
1171 4049 1312 4134 Origenes
1325 4076 1334 4110 z
1346 4052 1399 4111 etsi

317 4168 371 4227 iste
386 4164 475 4245 magis
487 4162 524 4222 ad
538 4160 696 4219 Platonicos
708 4181 842 4219 ascensus
854 4202 862 4231 ,
876 4171 905 4219 et
916 4159 1088 4233 descensus,
1104 4159 1165 4218 ivit.
1181 4157 1239 4219 Sed
1252 4182 1291 4219 ne
1304 4159 1397 4219 Stoica

315 4275 500 4345 omittamus,
518 4270 555 4329 ad
573 4270 621 4328 illa
637 4290 745 4329 camus.
