2950 4934
262 493 508 565 Pnrstou.
534 493 789 565 s'rolcort.
814 495 906 567 LlB.
930 497 979 564 11.
1093 499 1159 574 563

97 653 124 699 et
137 649 283 700 enumerat
295 637 416 698 subinde
430 637 527 708 lauru,
541 634 747 708 Amdr‘tsbnem,
767 637 941 710 Tarauna.
955 639 1079 712 Melum,
1099 639 1164 702 Au-

95 745 216 804 daciam.
241 742 341 820 Qnidl
361 756 419 804 tarn
440 743 553 804 diversa
573 743 605 802 in
625 763 683 803 una
705 744 756 804 illa
772 741 825 828 (ut
840 743 1006 808 Plutarchus
1029 746 1164 830 scripsit)

98 877 111 904 ι
123 849 268 931 punctnuli
283 847 378 909 cordis
391 847 481 910 sede?
491 873 505 902 a
518 848 584 909 Non
596 859 727 944 pugnent
739 849 847 932 igitur?
862 871 930 912 nam
942 863 971 912 ct
979 851 1082 928 vitam,
1097 873 1163 914 ecce

94 953 214 1028 liabent,
232 966 318 1035 atque
334 953 406 1015 adeo
421 951 571 1014 Aminolia
589 975 652 1015 esse
672 953 825 1016 affirmant.
850 953 926 1016 dun.
941 953 1045 1030 Halia,
1062 957 1161 1018 rideo:

95 1059 338 1121 Animalialers.
349 1060 424 1121 audi
434 1060 572 1121 Senecam
583 1058 654 1142 (Ep.
665 1059 753 1142 curu)
767 1085 775 1121 a
792 1059 969 1122 «Desideras
982 1063 1034 1122 tibi
1048 1065 1134 1126 scribi
1146 1087 1164 1124 a

94 1190 156 1240 mc,
172 1167 244 1250 quid
257 1169 381 1228 sentiam
397 1166 435 1240 de
449 1166 504 1228 bac
520 1169 674 1248 qraaesticme
687 1169 791 1248 jactata
805 1169 884 1250 apud
898 1179 1026 1243 nostros,
1043 1191 1081 1230 nn
1095 1169 1164 1232 Jus-

93 1275 166 1347 titia,
180 1273 345 1348 Fortitudo,
363 1272 518 1335 Prudentia
528 1317 538 1349 ,
550 1285 712 1358 cutemque
722 1277 839 1336 virtutes
851 1275 993 1336 llnimalia
1004 1277 1081 1336 sint?
1094 1303 1108 1330 ι·
1126 1277 1165 1338 Et
1270 1303 1275 1314 ¹

93 1381 186 1441 multis
200 1379 306 1441 deinde
325 1379 446 1440 adstruit
458 1380 599 1441 Animalia
617 1401 689 1441 esse.
708 1384 785 1442 Ano.
806 1381 897 1456 Sunt,
922 1395 988 1442 sunt
1003 1407 1012 1442 a
1029 1384 1093 1465 quis
1107 1383 1164 1444 ab·

93 1487 179 1547 nnat?
190 1486 318 1548 Videsne
328 1487 468 1569 pictores,
480 1499 511 1546 ει
523 1486 553 1547 id
567 1509 675 1570 genus,
691 1489 793 1550 Stoicis
807 1489 957 1562 addicere,
971 1491 1021 1570 qui
1031 1487 1163 1550 loeminus

93 1595 174 1676 etiam
188 1593 357 1655 efformantl
371 1592 451 1654 ers.
472 1592 565 1654 Immo
577 1606 610 1655 tu
625 1596 731 1655 serium
746 1594 861 1656 illorum
872 1608 1070 1678 argumentum
1082 1596 1161 1658 andi.

95 1700 255 1760 elnimnm
270 1711 380 1760 constat
394 1700 500 1760 animal
516 1721 579 1760 esse
588 1698 641 1781 (ait
654 1700 777 1773 Seneca,
792 1699 879 1784 ibid.)
895 1726 903 1761 ε
918 1725 1007 1784 quum
1022 1706 1084 1787 ipse
1097 1702 1165 1764 effi-

91 1808 145 1866 ciat
156 1820 189 1868 ut
203 1808 292 1867 simus
306 1807 451 1868 animalia.
463 1807 563 1868 Virtus
574 1821 669 1868 antem
684 1808 757 1868 nihil
770 1821 831 1883 est,
847 1831 933 1892 mmm
948 1812 1060 1871 animus
1071 1811 1165 1872 taliter

91 1936 120 1974 se
129 1913 238 1976 habens
252 1937 262 1974 a
276 1935 345 1998 ergo
358 1913 464 1974 animal
479 1927 532 1974 est.
548 1941 561 1968 n
578 1913 603 1972 0
616 1911 776 1975 Achsslcml
789 1915 900 1990 cedite,
916 1915 1006 1999 fugite
1016 1960 1024 1990 ,
1034 1917 1162 1998 Trojani.

91 2020 147 2083 liec
166 2022 247 2082 satis.
270 2021 351 2083 Vitia
371 2021 458 2082 etiam
473 2021 632 2094 Animalia,
651 2023 729 2104 quod
744 2024 894 2106 sequiturt
911 2024 996 2084 edam
1013 2022 1116 2098 Artes,
1135 2037 1165 2086 et

92 2124 228 2208 Physica,
251 2139 281 2187 et
298 2124 455 2188 Dialectica
468 2151 477 2186 c
488 2127 582 2209 quid?
597 2128 683 2188 ctiam
705 2141 802 2210 partes
822 2151 920 2190 carram
937 2128 1114 2200 Emmciata,
1136 2141 1166 2192 et

90 2232 280 2302 Soloecbmus.
299 2245 329 2293 et
340 2209 536 2313 Syllogismus.
549 2233 639 2294 Vides
652 2261 666 2288 α
675 2257 762 2316 quam
777 2235 865 2295 multa
878 2233 1005 2318 (Seneca
1018 2235 1164 2297 irridentis

89 2336 186 2421 verba)
202 2339 367 2399 animalium
379 2340 471 2400 millia
484 2339 614 2400 habitent
623 2341 668 2400 luia
679 2343 816 2424 angustiis
827 2341 970 2425 pectoris?
981 2367 996 2396 s
1009 2339 1048 2402 Et
1058 2340 1095 2402 de
1104 2365 1162 2404 an-

89 2447 200 2523 qustiis,
215 2443 394 2506 ePlntarcho
404 2465 490 2528 supra
502 2447 699 2528 interpretare.
716 2447 823 2526 dbjicit
832 2461 861 2507 et
870 2449 938 2508 alibi
948 2448 1025 2509 idem
1035 2447 1160 2521 Seneca,

89 2565 116 2612 et
129 2553 158 2614 in
170 2573 247 2613 vano
266 2564 315 2613 aut
329 2552 385 2612 leri
409 2549 504 2613 hoto.
523 2551 639 2625 «Sunt,
656 2553 750 2633 iuquit
764 2551 879 2634 (Epist.
898 2549 989 2635 cvr),
1006 2575 1069 2634 quse
1086 2555 1160 2614 scire

89 2659 174 2740 magis
189 2658 287 2738 jurat,
305 2679 392 2739 quarn
414 2657 549 2737 prodest,
574 2657 648 2715 sicut
665 2654 738 2731 hoc,
757 2656 869 2738 dequo
891 2659 1003 2739 queris.
1029 2659 1074 2718 An
1091 2680 1159 2719 cor-

89 2785 139 2843 pus
156 2763 265 2823 bonnm
279 2762 335 2822 sit?
348 2787 363 2816 ι
383 2761 549 2842 Respondet
562 2761 667 2822 deinde
684 2785 694 2822 a
713 2789 729 2816 ι
741 2763 851 2844 Corpus
867 2783 947 2836 csse,
960 2761 1029 2822 lacit
1053 2764 1130 2823 subn
1147 2787 1156 2822 ι

89 2869 162 2950 quod
185 2865 272 2942 iacit,
297 2889 400 2950 corpus
422 2879 475 2928 est.
492 2894 506 2921 a
523 2867 581 2927 Ubi
601 2880 630 2928 ει
645 2868 757 2928 axioma
773 2868 845 2928 illud
864 2868 990 2930 Stoicum
1003 2869 1156 2942 observes,

87 2973 231 3058 Quidquid
245 2974 330 3049 iacit,
346 2987 391 3035 est
404 2995 517 3056 corpus.
534 2974 597 3049 Qua
611 2975 711 3035 eadem
725 2975 775 3036 illa
788 2975 897 3035 ratione
908 2975 973 3036 Vox
985 2996 1087 3058 corpus
1101 2975 1157 3036 ad-

87 3083 212 3156 struitur,
228 3083 258 3141 in
273 3079 386 3141 Laertio
406 3104 414 3138 ε
435 3081 572 3162 «Corpus
593 3093 637 3140 cst
650 3080 737 3154 Vox,
755 3080 912 3141 secundum
928 3080 1156 3142 Stoicos-Omne

87 3188 159 3246 enirn
178 3185 257 3269 qnod
272 3185 354 3259 iacit,
371 3185 480 3267 Corpus
497 3199 540 3245 est
552 3210 561 3244 s
574 3185 643 3246 iacit
656 3199 751 3246 autem
765 3185 848 3260 Vox,
863 3209 956 3268 quea
973 3187 1155 3268 loquentibus

88 3293 121 3352 od
134 3295 282 3354 audientes
296 3291 409 3353 accidit.
425 3317 440 3345 s
455 3291 540 3368 Quod
557 3305 655 3352 tamen
674 3275 787 3373 plenius
806 3293 959 3367 discretim,
979 3321 993 3348 a
1007 3293 1155 3376 Quidquid

87 3397 151 3459 iacit
166 3399 281 3472 antiit,
298 3412 341 3460 est
354 3419 475 3480 corpus:
492 3425 506 3452 a
524 3399 627 3471 idest,
645 3401 705 3480 agit
717 3413 768 3460 aut
781 3402 898 3482 patitur.
913 3399 981 3484 lpse
997 3399 1098 3460 Noster
1115 3403 1154 3460 ita

85 3507 165 3566 effert
178 3506 246 3566 alibi
265 3503 376 3589 (Epist.
395 3504 512 3586 cxvrr),
527 3518 556 3565 et
569 3502 736 3565 Plutarchus
753 3508 826 3567 inter
842 3507 936 3566 Stoica
954 3530 963 3566 a
985 3533 999 3560 a
1013 3506 1078 3566 Sola
1091 3529 1154 3587 quse

86 3626 149 3672 sunt
160 3633 280 3694 oorpora
294 3611 439 3694 appellant
451 3633 459 3671 s
472 3613 607 3693 quoniam
618 3611 649 3671 id
659 3612 737 3694 quod
749 3625 805 3688 est,
819 3613 887 3673 iacit
898 3612 1023 3695 aliquid,
1037 3625 1086 3672 aut
1095 3635 1153 3694 pu·-

84 3720 159 3780 titur.
172 3745 188 3774 a
205 3718 261 3780 Sed
276 3718 406 3780 deVoce
421 3715 588 3798 quoderat,
605 3719 690 3778 edam
709 3717 848 3802 Epicurei
866 3721 906 3779 sic
922 3718 1102 3791 asserebant,
1120 3733 1153 3780 nt

87 3823 231 3888 Lucretius
242 3850 252 3886 s

246 3937 393 4004 forporem
404 3951 503 4004 qumque
513 3937 579 3986 emm
588 3953 675 3987 voocm
685 3944 794 3987 constare
808 3935 934 3988 fatendum
945 3943 997 3998 cst,

245 4027 277 4078 st
290 4026 397 4078 eonium
411 4044 418 4075 ε
434 4027 551 4095 qnoniam
561 4033 663 4096 possunt
673 4027 797 4096 impellere
808 4043 898 4077 ansus.

86 4143 189 4218 Plura,
211 4145 235 4203 si
251 4146 315 4225 quis
333 4145 428 4218 volet,
446 4145 600 4226 superbae
615 4145 692 4228 legat
710 4146 741 4204 in
760 4143 908 4206 Eustathio
928 4146 1047 4206 Homeri
1060 4145 1154 4206 inter-

86 4264 182 4330 prete,
203 4252 239 4313 ad
257 4251 363 4313 lliados
379 4249 547 4312 secundum.
565 4250 623 4311 Nos
640 4250 678 4310 ad
691 4251 848 4328 Senecam,
869 4252 918 4333 qui
937 4251 1029 4314 aiebat
1046 4249 1154 4313 Barnun
