2950 4934
346 456 416 527 606
720 452 741 519 J
749 448 872 523 USTI
894 446 1054 521 LIPSII

345 596 587 683 quumoedisen
606 592 984 659 eorbuucuumtusuu.
1002 592 1074 657 ideo
1092 578 1365 680 Shtiusrusgniiic'e
1384 580 1416 655 ari

345 730 410 769 eam
422 702 494 791 (tib.
510 693 602 781 vlll,
618 706 700 779 303,
715 717 746 769 et
758 700 858 787 seqq.)
872 726 881 763 s

514 846 605 864 ......
618 810 642 861 0
650 808 782 863 hominum
792 806 927 877 diuosque
936 812 1025 859 amna
1034 805 1137 857 nauis
1147 842 1156 869 ,

510 904 570 967 Qu
582 899 1004 971 lluvioe,silvasque‚animasqne,
1017 896 1240 949 etseminalinndi

508 992 618 1054 Concu,
630 990 833 1059 Prometheasque
843 1008 929 1041 munus
939 1027 947 1051 ‚
957 988 1117 1059 Pyrrbaeaque
1126 1006 1184 1039 saxa

510 1082 612 1150 Gignis,
622 1088 648 1131 et
656 1082 765 1151 impastis
775 1088 829 1149 quffa
838 1082 918 1150 prima
927 1080 1041 1130 diruente
1050 1078 1154 1141 dedisti,

491 1180 496 1189 '
512 1174 659 1242 Uotastiqne
668 1174 748 1234 moes,
758 1182 813 1241 qua
821 1178 927 1247 pontum
936 1172 1077 1241 ambisque,
1089 1170 1214 1241 vobisque.

518 1300 610 1319 ......
623 1263 725 1315 firmum
736 1270 811 1333 atquc
821 1260 946 1315 immobile
957 1263 1043 1315 nundi

503 1356 588 1408 llobur
599 1354 739 1415 inoccidui,
753 1360 778 1404 te
791 1354 865 1405 velox
875 1354 1050 1405 machinaoeli

506 1444 866 1515 Aeropeodentemracuo,te
877 1462 962 1495 curros
972 1450 1075 1513 uterque

503 1535 614 1600 Circuit,
628 1554 644 1587 o
656 1553 738 1587 rerum
750 1535 848 1599 media,
862 1534 1015 1605 indivisaque
1026 1536 1120 1605 magnis

504 1627 636 1677 Fratribus.

341 1716 406 1801 ipse
420 1718 528 1781 Seireca
540 1742 549 1777 r
563 1717 677 1778 «Terra
691 1730 720 1778 et
731 1738 800 1799 pars
811 1731 854 1778 est
865 1718 985 1793 mundi,
998 1730 1028 1779 et
1038 1716 1169 1779 Materia.
1186 1714 1257 1778 Pars
1269 1732 1314 1779 est
1326 1720 1418 1781 mundi

339 1838 373 1887 ut
395 1827 504 1886 calum
534 1823 581 1886 Ex
601 1826 651 1885 illo
668 1824 775 1886 deiude
796 1836 825 1885 et
840 1826 915 1901 ista,
941 1825 1076 1887 alimenta
1091 1810 1224 1885 omnibus
1247 1830 1417 1898 animabus,

338 1936 471 1994 omnibus
486 1934 570 2009 satis,
587 1931 720 1992 omnibus
733 1932 824 1993 stellis
840 1929 1018 1993 dividuntur.
1034 1959 1048 1987 s
1062 1933 1213 1993 Materiam
1228 1934 1321 2017 igitur
1335 1936 1419 1993 iuter·

338 2054 488 2123 pretatur,
504 2040 573 2122 quia
587 2039 638 2098 alit
656 2062 664 2097 ε
680 2048 766 2119 atque
788 2038 861 2101 ideo
882 2038 1083 2123 Trismegistus
1101 2064 1115 2094 s
1132 2052 1191 2100 tres
1205 2042 1237 2100 in
1255 2062 1291 2101 ea
1307 2056 1418 2101 naturas

337 2148 475 2220 collocat,
497 2144 598 2227 Ignis,
617 2146 725 2227 Aquae,
742 2156 772 2204 et
785 2146 897 2220 Terre,
914 2146 951 2205 ab
964 2166 1021 2205 una
1037 2148 1125 2228 stirpe
1141 2146 1294 2207 deductas.
1313 2148 1415 2216 Unde,

337 2249 527 2334 inquit(cap.
548 2248 622 2333 16),
641 2252 734 2310 omnis
749 2251 873 2310 materie
879 2252 1102 2332 promptuarirun
1118 2251 1268 2312 creditum
1283 2264 1314 2313 et
1335 2254 1415 2313 donat

337 2357 455 2439 quidem
466 2368 553 2439 atque
568 2368 665 2438 erogat
675 2356 811 2415 αΙίωοιιῑι
822 2398 831 2430 ,
843 2358 967 2416 vicissim
983 2369 1078 2417 autem
1092 2378 1216 2439 superne
1229 2360 1414 2419 substantiam

337 2465 450 2545 accipit.
466 2465 487 2517 ὐ
511 2462 622 2523 Eadem
643 2460 757 2521 Seneca
781 2462 868 2537 dicit,
893 2464 917 2521 si
943 2481 997 2543 pro
1020 2462 1178 2523 Stoicorum
1203 2476 1304 2525 mente
1331 2468 1413 2548 capis.

337 2570 491 2654 Magnifice
516 2572 602 2629 etiam
621 2551 664 2628 de
681 2588 715 2629 ea
733 2568 925 2651 Hippocrates
942 2566 998 2651 (In
1015 2568 1130 2653 Epist.)
1154 2594 1163 2629 s
1189 2598 1203 2623 ι
1223 2571 1417 2632 sacratissima

335 2692 418 2739 terra
427 2673 510 2738 sedes
521 2702 530 2751 ;
542 2699 559 2738 e
569 2698 626 2758 qua
635 2677 754 2752 anime,
767 2688 796 2736 ct
806 2676 927 2760 planta,
943 2688 971 2737 et
980 2677 1130 2752 alimenta,
1144 2688 1173 2737 et
1183 2678 1395 2739 medicamenta
1408 2723 1415 2747 ‚

336 2798 366 2847 et
375 2786 488 2847 tortum
502 2799 588 2868 atque
602 2806 672 2866 opes
684 2786 752 2865 ipse
767 2786 933 2867 gignuntur.
948 2810 962 2837 υ
976 2784 1115 2868 Omagna
1128 2796 1157 2844 et
1171 2786 1299 2868 benigna
1312 2783 1418 2846 mater!
1462 2860 1463 2871 ἵ

335 2893 387 2954 sed
405 2916 464 2953 non
479 2890 550 2952 libet
564 2892 595 2950 in
609 2889 709 2950 laudes
724 2892 785 2969 ejus
801 2890 842 2949 ire
859 2913 867 2947 =
890 2890 927 2950 ad
943 2890 1100 2973 incoeptum
1114 2890 1205 2972 magis
1221 2891 1332 2953 redire.
1350 2893 1418 2952 Nam
1441 2964 1442 2967 Ἴ

335 3002 415 3084 quod
431 3001 468 3061 de
483 3002 577 3083 primo
592 3001 653 3080 ejus
667 3010 731 3058 ortu
746 2998 826 3072 dixi,
837 3020 896 3058 non
911 3020 1010 3057 omnes
1024 3000 1207 3059 consentiunt
1220 3022 1228 3057 ε
1246 3012 1275 3060 et
1290 3000 1419 3061 Laertius

335 3110 465 3169 ubinam
482 3106 597 3167 videtin
605 3106 701 3166 locare
713 3118 743 3165 et
752 3106 888 3189 gignere,
900 3104 975 3165 iuter
985 3104 1057 3165 Stose
1066 3106 1146 3167 scita.
1159 3104 1206 3166 Sic
1221 3120 1251 3166 et
1260 3107 1416 3169 Manilius:
1462 3162 1463 3165 ,

498 3210 590 3261 Ultima
600 3208 708 3260 subsedit
715 3209 849 3277 glomerato
857 3208 964 3279 pondere
974 3208 1053 3260 tellus.

334 3301 419 3379 Quod
438 3315 534 3363 autem
553 3304 583 3361 in
599 3303 786 3385 Trismegisto
806 3300 843 3362 de
862 3302 1059 3382 triplicium
1073 3286 1176 3363 noum
1193 3316 1272 3379 erat,
1295 3308 1371 3365 ratio
1392 3320 1417 3366 st

334 3430 435 3469 sensus
456 3408 573 3482 dicunt,
591 3417 620 3467 et
635 3410 725 3468 mixta
747 3408 827 3484 baec,
846 3419 895 3468 aut
914 3410 1031 3469 seorsim
1052 3410 1156 3483 insita,
1174 3410 1204 3469 in
1219 3415 1418 3493 penetralibus
1462 3476 1463 3497 q

333 3515 474 3574 videmus.
486 3516 556 3574 Haec
574 3535 674 3588 causa,
692 3536 744 3572 cur
760 3512 848 3595 aliqui
864 3536 929 3574 cum
945 3513 1070 3597 Corpore
1085 3528 1181 3576 nostro
1190 3516 1318 3578 Terram
1335 3543 1418 3580 com·

333 3634 451 3703 parent,
471 3634 504 3681 ut
523 3620 632 3681 Seneca
644 3617 769 3701 (Queat.
789 3619 851 3695 Vl,
869 3644 933 3704 cap.
959 3616 1014 3705 14)
1031 3646 1039 3680 ε
1057 3649 1071 3676 s
1084 3624 1151 3704 quia
1167 3637 1196 3684 et
1216 3624 1334 3709 Aquis,
1361 3650 1418 3709 qu:

332 3723 424 3782 vicem
440 3722 587 3804 sangsunis
605 3733 721 3796 tenent,
745 3720 864 3795 Ventis,
885 3744 956 3803 quos
975 3721 1047 3782 nihil
1065 3722 1142 3784 uliud
1161 3726 1227 3807 quis
1246 3748 1341 3808 quam
1356 3729 1419 3788 ani

332 3848 409 3887 mam
426 3827 583 3900 vocavcrit,
597 3826 696 3908 pervia
713 3838 757 3919 est
768 3852 781 3879 u
801 3850 810 3885 t
832 3838 916 3908 atque
942 3826 1015 3887 adeo
1037 3828 1135 3889 subdit
1154 3829 1259 3906 fuisse,
1284 3860 1298 3887 s
1312 3836 1417 3917 quibus

333 3934 439 3995 animal
458 3936 584 4018 placeret
600 3955 663 3994 esse
679 3945 796 3994 terram.
810 3960 824 3987 s
841 3935 887 3994 Au
905 3914 1120 4019 Pythagoricis?
1139 3962 1207 4000 nam
1224 3942 1289 4023 ipse
1308 3942 1418 4025 Pytha·

332 4063 433 4124 goras,
446 4040 523 4124 apud
537 4038 671 4100 Ovidium
685 4038 764 4121 (XV
776 4040 895 4100 Metam.
915 4038 1014 4121 342),

496 4148 559 4196 Nam
570 4146 619 4196 sire
630 4152 666 4196 est
675 4146 765 4195 animal
775 4144 871 4207 Tellus,
882 4154 907 4196 et
917 4146 996 4209 vivit,
1010 4146 1132 4217 habetque

494 4236 663 4305 spiramenta,
673 4236 735 4289 loeis
745 4235 871 4288 flammam
878 4237 1015 4291 exhalantia
1024 4240 1115 4291 multis.
