2950 4934
268 475 793 565 Pnyslot.sT0100R.
821 479 917 545 ΗΒ.
943 478 1014 545 Ill.
1121 482 1189 549 663

417 672 739 736 DISSEIITATIO
771 672 876 736 XIII.
981 678 982 685 ’

250 830 388 893 Aru'mam
403 852 502 913 corpus
515 832 618 893 Stoicis
630 854 706 903 esse,
727 835 847 915 &mque
863 832 1047 897 Tertulliano.

147 1020 310 1095 Quanam
325 1021 402 1079 enim
417 1033 500 1079 sexto
514 1021 577 1079 loco
591 1021 718 1095 Seneca,
737 1048 751 1074 α
766 1022 871 1081 Utrum
887 1043 991 1103 corpus
1007 1024 1064 1097 sit,
1081 1044 1117 1083 an
1130 1046 1187 1084 non

103 1127 166 1186 sna
182 1154 196 1180 ‚.
212 1127 337 1186 ormino
351 1140 394 1187 ea
413 1128 487 1208 ipsi,
505 1140 533 1188 a
553 1128 681 1188 stoicam
706 1141 749 1188 ea
772 1130 849 1189 euim
871 1114 1005 1210 spiritur.
1024 1128 1156 1191 Laertius
1176 1156 1185 1189 2

104 1262 120 1287 «
138 1235 272 1293 Animam
284 1235 442 1315 Spiritum,
460 1255 529 1317 ergo
545 1247 573 1294 et
588 1257 692 1317 corpus
704 1256 776 1294 esse.
794 1262 808 1288 a
826 1236 884 1295 Sed
904 1248 936 1295 ut
953 1234 1132 1319 Chrysippus
1143 1218 1200 1297 ait·

102 1340 204 1422 (apud
216 1339 325 1422 Plus),
349 1368 363 1395 ι
374 1341 482 1401 rariore
494 1352 525 1399 et
536 1342 666 1401 tenuiore
678 1342 726 1401 iilo
739 1368 754 1393 a
770 1365 778 1400 s
792 1341 865 1401 adeo
874 1353 907 1400 ut
923 1368 937 1395 a
949 1364 1006 1423 prae
1017 1343 1079 1423 ipsa
1091 1343 1188 1403 tenui-

102 1459 163 1507 tate
177 1446 364 1529 (Tertulliani
379 1447 485 1521 rerba,
501 1445 547 1507 De
564 1445 683 1530 Pugnis)
700 1448 737 1507 de
753 1448 810 1507 fide
825 1449 1027 1529 corporalitatis
1040 1450 1188 1530 periclite-

102 1566 162 1613 tur.
174 1580 189 1607 a
208 1551 260 1613 Est
273 1564 392 1625 tamen;
416 1564 445 1612 ct
466 1554 529 1634 ipse
548 1554 598 1612 ille
617 1552 718 1614 docuis
734 1553 805 1614 Alcr
820 1550 867 1636 (in
884 1555 980 1615 multis
994 1554 1126 1637 Stoicus)
1146 1556 1186 1615 ita

101 1685 163 1721 non
178 1662 265 1721 sentit
274 1662 366 1719 solum
378 1702 387 1733 ‚
400 1659 451 1720 sed
465 1660 560 1743 prodit
575 1672 604 1719 et
618 1674 791 1743 propugnat.
809 1661 925 1742 Ipsum,
944 1662 969 1721 si
983 1662 1041 1737 vis,
1058 1662 1142 1735 vide,
1156 1674 1185 1723 et
1219 1695 1225 1705 =

101 1770 263 1831 Stoicorum
277 1767 345 1851 (eos
368 1770 537 1828 nominatim
559 1767 684 1853 allegat)
707 1770 836 1850 exposita
858 1782 1035 1851 argumenta.
1061 1771 1125 1829 Hoc
1146 1771 1185 1829 ita

102 1877 157 1936 soli
172 1876 259 1936 Stoici
275 1890 304 1936 et
318 1874 476 1958 Epicurei,
490 1886 593 1956 preter
608 1887 737 1935 auctores
754 1888 882 1935 veterum
897 1887 1039 1935 sectarum
1055 1920 1064 1950 ,
1081 1876 1185 1958 quibis

101 1985 272 2064 incorporea
294 1984 354 2042 visa
373 2004 382 2041 s
398 1982 485 2042 etiam
499 1980 686 2065 Pythagor-e,
701 1982 743 2042 ‘ut
764 1980 931 2042 Plutarchus
953 1984 992 2043 ait
1015 1960 1180 2065 (Plutarch.

102 2088 147 2147 IV
165 2088 211 2149 Dc
231 2088 308 2148 Piae.
326 2111 390 2170 cap.
410 2108 428 2147 2
445 2102 475 2147 et
489 2087 541 2169 3),
558 2089 610 2148 etsi
626 2090 757 2170 discipuli
773 2090 855 2169 ejus,
873 2091 923 2172 qui
939 2088 1060 2151 Aenum
1077 2092 1187 2175 uliquis

101 2196 284 2269 statuebant,
301 2214 403 2277 corpus
417 2192 557 2254 lecerunt.
575 2194 638 2254 lion
655 2208 751 2255 tamen
767 2194 891 2273 omnes:
911 2222 924 2250 a
943 2208 972 2256 et
987 2196 1089 2257 Sextus
1100 2209 1184 2279 pater

101 2325 136 2361 ac
154 2301 228 2361 filius
242 2300 376 2383 (Senccae
387 2300 515 2375 laudati,
532 2313 560 2361 et
575 2298 680 2360 Italica
694 2302 771 2361 illius
787 2298 889 2383 sectae)
903 2300 978 2362 hanc
998 2322 1085 2385 super
1104 2305 1182 2365 omni

100 2410 207 2470 Anima
221 2410 314 2469 tulere
334 2410 504 2469 sententiam
517 2432 525 2467 :
538 2409 750 2490 Incorporalis,
767 2410 915 2491 inquiant,
936 2412 1027 2471 omnis
1049 2401 1096 2469 est=
1109 2411 1183 2470 lni-

98 2539 171 2591 ma,
188 2530 217 2575 et
231 2516 350 2576 illocalis
370 2529 456 2597 atque
474 2490 686 2596 indeprieltensa
699 2517 743 2575 vis
757 2516 903 2598 quedam
924 2538 987 2599 quae
1005 2518 1067 2577 sine
1087 2519 1181 2601 spatio

97 2646 214 2705 capax,
241 2646 345 2706 corpus
367 2622 463 2683 haurit
479 2636 509 2682 et
533 2625 701 2709 contincta
726 2624 786 2683 Ista
808 2624 837 2684 in
860 2622 1017 2683 Claudiano
1039 2624 1181 2685 Mamerto

97 2734 179 2814 legas
192 2730 263 2813 (lib.
278 2731 313 2806 l,
328 2753 393 2812 cap.
408 2728 469 2815 9),
486 2730 536 2811 qui
550 2725 608 2791 tr'cs
619 2730 655 2790 de
670 2732 778 2791 Animae
793 2743 868 2793 statu
879 2732 967 2791 libros
979 2732 1107 2813 scripsit,
1123 2730 1179 2791 dici

97 2862 160 2899 non
175 2850 287 2921 potest,
303 2861 389 2920 quam
405 2838 552 2912 eruditos,
571 2827 735 2920 elegantes,
754 2850 782 2897 et
798 2838 926 2898 subtiles.
944 2836 1065 2898 Veteres
1082 2860 1181 2899 omnes

98 2950 132 3007 in
147 2944 201 3006 hoc
214 2958 334 3006 tractatu
348 2956 460 3027 aequat,
476 2958 526 3005 aut
539 2946 638 3004 vincit.
655 2942 693 3005 Et
710 2959 753 3005 est
767 2967 865 3006 revera
881 2948 1048 3027 incorporea
1060 2946 1154 3006 anima
1170 2969 1178 3005 a

96 3076 134 3113 ac
149 3052 257 3112 Stoicos
269 3055 329 3133 jam
340 3053 411 3120 olim
423 3052 559 3112 refutavit
571 3052 715 3126 Plotinus,
728 3054 875 3133 inscripto
889 3076 897 3111 a
915 3080 929 3107 u
945 3052 1029 3129 Quod
1041 3074 1099 3113 non
1111 3074 1180 3135 pos-

96 3163 139 3221 sit
160 3182 295 3242 cor-porea
318 3181 380 3220 csse
409 3160 513 3219 Anima
529 3186 542 3211 a
565 3160 670 3239 acujus
693 3172 827 3241 excerpta
844 3160 973 3241 pluscula
998 3162 1028 3220 in
1054 3158 1181 3221 Eusebio

96 3270 198 3329 habes.
214 3269 253 3329 At
267 3268 355 3329 dices.
372 3266 401 3327 si
417 3249 520 3349 corpus
538 3266 663 3340 Stoicis,
687 3288 744 3347 qua
767 3267 858 3349 figura
880 3268 969 3350 igitur
991 3278 1040 3327 aut
1056 3269 1181 3327 circum-

97 3376 278 3458 scriptione?
297 3374 353 3435 Per
366 3396 398 3433 se
419 3374 537 3455 quidem
560 3372 722 3454 sphaerica,
738 3374 851 3454 opinor,
869 3394 931 3455 quae
945 3373 1048 3433 Mundi
1066 3386 1128 3449 est,
1151 3386 1181 3435 et

98 3496 241 3543 astrorum
254 3507 262 3541 z
276 3496 362 3563 atque
377 3484 439 3563 ipsa
452 3479 577 3541 delibata
589 3502 625 3539 ex
636 3480 728 3540 astris.
747 3480 781 3539 In
798 3495 916 3562 corpore
930 3490 1024 3540 autem
1037 3524 1045 3557 ,
1059 3480 1179 3563 ligurum

99 3591 210 3650 scilicet
223 3592 285 3668 ejus
298 3588 439 3669 sequitur,
455 3589 536 3667 cujus
549 3587 679 3646 membra
700 3588 797 3646 omnia
811 3588 922 3669 implet.
939 3586 1010 3647 Ideo
1025 3586 1180 3647 Tertullia-

99 3718 157 3757 nus
165 3696 301 3755 univsrse
315 3696 479 3754 Humanam
495 3695 521 3753 ei
536 3693 658 3753 faunam
670 3694 796 3776 assignat
810 3717 819 3751 a
835 3690 1011 3775 aEffigiern‘,
1024 3694 1178 3775 iuqrricns,

101 3804 169 3886 (De
194 3804 315 3875 Anima,
344 3822 411 3884 cap.
437 3798 501 3886 9),
517 3801 627 3859 Animae
648 3822 708 3861 non
729 3800 819 3861 aliam
837 3813 940 3881 prater
954 3798 1129 3872 humanam
1151 3810 1183 3861 et
1248 3794 1250 3799 ’

100 3909 219 3991 quidem
235 3930 298 3989 qus
311 3909 455 3990 corporis,
471 3906 551 3989 quod
574 3928 754 3989 unaquaeque
768 3890 951 3967 circumtulit.
968 3932 983 3959 a
1005 3906 1099 3981 Nota,
1116 3907 1179 3967 eir-

102 4017 257 4077 cumtulitz
274 4036 342 4099 ergo
357 4028 387 4073 ct
400 4025 598 4096 postmortem
619 4014 694 4073 talis.
720 4015 841 4074 Causam
858 4016 943 4073 etiam
961 4012 1064 4075 addita
1084 4040 1098 4069 a
1116 4014 1179 4075 lte-

103 4125 197 4207 cogita
216 4125 294 4183 enim
307 4144 398 4203 qum
412 4122 490 4181 Das
513 4121 653 4180 sufflasset
668 4122 698 4180 in
717 4118 820 4180 faciem
835 4120 958 4182 hominis
978 4118 1078 4181 ilatum
1092 4120 1178 4192 vitm

104 4244 196 4291 totum
211 4232 313 4313 utiquc
324 4250 379 4313 per
391 4228 495 4290 faciem
505 4229 600 4290 statim
617 4228 717 4289 llatimr
731 4228 813 4289 illum
831 4230 862 4289 in
880 4228 1015 4289 interiora
1026 4228 1180 4287 transmis-
