2950 4934
229 504 478 573 PHYSIOL.
504 502 882 574 stomomate.
908 505 985 572 Ill.
1077 506 1145 601 675

68 672 150 720 nem,
174 650 235 708 sive
251 668 317 709 cum
332 646 462 709 Varrone
475 649 685 726 commanem,
706 647 867 757 Principale
880 648 937 709 dici
954 672 962 708 r
979 670 1037 709 non
1053 662 1148 710 autem

69 757 166 836 ipsam
176 759 272 836 λόγον,
289 754 351 813 sire
362 753 533 827 Rationem,
548 755 616 835 qrria
629 754 678 815 illa
690 776 757 836 pars
774 767 802 815 et
819 752 1150 817 armachanensem

68 860 252 923 Inuuhnolc.
268 862 411 920 Ascensus
422 861 500 919 eninr
518 862 549 919 in
567 880 602 919 ea
612 872 641 919 et
650 859 774 939 judicia,
788 860 840 920 sed
850 874 908 921 n'on
920 882 1034 945 semper
1050 875 1128 924 recta
1139 867 1163 939 ς’

70 969 248 1050 depravante
270 968 407 1049 opinione
421 980 450 1027 et
469 989 607 1048 corpore,
630 988 729 1027 rerum
749 968 821 1027 illud
840 978 1025 1051 rectumque,
1041 970 1151 1052 quoda

70 1078 142 1137 calo
156 1074 252 1136 hahet.
270 1074 324 1135 Est
338 1075 425 1158 igitur
439 1077 542 1156 ὶογικὴ,
559 1076 619 1134 sive
633 1072 812 1144 Rotrhnalrs,
829 1094 918 1156 quum
935 1087 1013 1135 recta
1028 1075 1151 1137 Ratione

72 1185 184 1254 utitnr;
196 1194 239 1242 est
252 1186 361 1263 ἁληος,
377 1183 437 1241 sive
452 1180 649 1251 Inrationalis,
665 1203 754 1262 quum
769 1178 884 1241 Errare.
901 1182 942 1241 Ut
955 1182 1044 1241 verbo
1056 1184 1154 1243 absol-

73 1313 159 1364 vam,
175 1311 234 1349 non
257 1289 336 1349 aliud
356 1289 405 1352 ille
420 1288 578 1349 Stoicorum
597 1290 737 1370 hysopi„
756 1308 843 1369 quarn
861 1288 983 1349 aliorum
998 1286 1074 1363 νόῡς,
1091 1291 1152 1350 sive

72 1396 169 1466 Mens,
186 1397 248 1456 sive
256 1393 378 1482 Aruinae
388 1417 454 1455 cum
464 1395 605 1457 Varrone.
617 1394 676 1454 Ubi
686 1394 728 1453 illi
739 1394 839 1454 sedes?
851 1416 918 1453 nam
929 1396 1053 1476 reliquas
1064 1397 1151 1455 etiam

73 1514 171 1585 partes
186 1502 217 1560 in
231 1485 349 1582 corpore
362 1501 420 1560 vim
437 1500 506 1559 alibi
525 1512 611 1581 atque
624 1501 699 1560 alibi
714 1522 850 1573 exerere,
874 1511 903 1560 et
922 1501 962 1559 ihi
977 1500 1056 1561 velut
1069 1502 1152 1561 inco-

73 1610 137 1667 lere
152 1608 257 1667 scimus
272 1630 280 1666 z
296 1606 346 1665 nbi
365 1606 451 1688 igitur
469 1607 624 1687 primaria,
646 1607 783 1687 inquam,
803 1606 907 1667 sedes?
923 1607 1078 1689 Disputant
1096 1630 1104 1667 ε
1126 1620 1155 1668 et

74 1716 165 1776 Stoici
181 1715 270 1774 nostri
285 1714 315 1772 in
332 1711 421 1773 Corde
433 1714 624 1795 assignarunt.
638 1712 767 1776 Laertius
784 1736 792 1773 c
811 1741 825 1767 ι
841 1714 1002 1795 Principale
1015 1736 1077 1774 esse
1087 1714 1154 1795 pri-

75 1823 198 1882 mariam
214 1822 322 1881 Anima
341 1833 472 1901 partem,
488 1821 519 1879 in
535 1840 592 1900 qua
606 1820 823 1903 imaginationes
844 1833 873 1880 et
896 1822 1039 1902 appetitus
1060 1821 1152 1895 liunt,

76 1940 108 1988 et
129 1926 208 1987 unde
226 1948 322 1988 sermo
341 1924 398 2008 (aa
420 1922 543 2007 Ratiol)
562 1946 677 1985 mirsam
695 1927 827 1987 mittitur.
848 1925 883 1985 ld
899 1937 994 1987 summ
1011 1928 1042 1985 in
1059 1926 1153 1987 Corde

76 2055 153 2094 esse.
168 2060 183 2087 ι
209 2031 293 2093 ldcm
314 2032 506 2091 Tertullianus
527 2028 611 2113 (cap.
637 2028 714 2114 15),
738 2030 789 2113 qui
813 2056 827 2085 s
840 2052 983 2091 summum
1001 2033 1032 2091 in
1050 2033 1154 2092 Anima

76 2140 200 2223 gradum
214 2138 363 2223 (agnoscis
373 2138 511 2200 Varronis
522 2134 659 2219 verbnm)
669 2136 793 2198 Vitalem
805 2149 833 2198 et
844 2138 1040 2220 sapientialem
1051 2180 1060 2212 ,
1077 2138 1155 2220 quod

76 2249 229 2328 ἡγιμονικᾶν
249 2245 413 2326 appellant,
437 2244 561 2303 certain
578 2244 705 2323 corporis
718 2264 833 2304 mcessn
852 2256 1048 2305 consecratum
1059 2270 1074 2297 a
1092 2246 1153 2319 ait,

77 2373 204 2433 eumque
213 2352 244 2410 in
257 2348 355 2420 Corde,
370 2350 505 2431 quonim
514 2360 544 2408 et
554 2374 568 2401 a
582 2348 771 2428 inspectorem
778 2348 877 2408 Cordis
883 2348 1117 2433 Deumlegimns,
1127 2362 1157 2409 et

78 2457 175 2518 Corde
185 2456 263 2517 credi
273 2455 473 2533 adjustitiam,
487 2466 516 2513 et
527 2452 621 2513 Corde
630 2475 682 2513 suo
691 2475 926 2535 unumquemque
934 2454 1106 2537 reprehendi
1117 2480 1126 2515 z
1139 2482 1153 2511 a

77 2564 206 2644 deniqne
220 2561 275 2622 hoc
289 2562 384 2642 ipsum
401 2586 416 2614 s
428 2559 621 2640 Chrysippmn
637 2560 724 2621 etiam
739 2543 841 2642 sapere
858 2587 872 2614 o
890 2560 1021 2622 affirmat.
1044 2564 1104 2623 Nee
1119 2563 1157 2625 de

79 2672 243 2751 Chrysippo
256 2678 368 2727 tantrrm
381 2665 547 2727 Plutarchus
560 2688 569 2725 z
581 2664 652 2738 sed,
667 2666 761 2747 inquit
774 2664 839 2748 (Ν
853 2666 890 2727 de
904 2668 996 2743 Plau,
1011 2692 1074 2752 cap.
1094 2667 1154 2753 4)ι

82 2804 98 2831 a
108 2776 216 2835 Omnes
230 2773 318 2833 Stoici
334 2773 365 2831 in
378 2782 438 2830 toto
453 2770 563 2843 Corde,
582 2783 633 2829 aut
646 2772 676 2829 in
693 2770 802 2852 Spiritu
817 2794 852 2833 eo
867 2775 916 2855 qui
932 2776 1007 2835 circa
1023 2776 1080 2837 Cor
1095 2789 1154 2853 est,

80 2881 243 2962 Principale
256 2890 377 2961 ponam.
390 2904 404 2931 a
420 2875 497 2959 Ergo
509 2876 592 2938 valde
605 2879 728 2954 mirum,
742 2879 876 2943 eumdem
887 2881 988 2943 eodem
1001 2883 1075 2943 libro
1088 2906 1158 2944 mox

78 2988 208 3049 scribere
221 2984 304 3069 (cap.
321 3006 356 3045 21
368 2983 396 3065 )‚
412 2984 463 3043 ahi
477 2983 513 3043 de
525 2981 625 3043 Stoicis
639 3008 648 3043 s
665 3010 679 3037 α
689 2984 789 3067 Ipsum
805 2986 983 3069 Principale,
1001 2990 1074 3050 sicut
1086 3003 1116 3051 et
1127 2994 1158 3053 in

23 3148 32 3157 .
79 3093 212 3168 Mundo,
228 3091 338 3152 habitat
361 3092 391 3149 in
410 3101 507 3149 nostro
525 3087 648 3151 rotundo
668 3089 778 3172 Capite.
795 3116 810 3145 a
833 3092 962 3155 Proiecto
979 3116 1037 3155 non
1053 3065 1096 3157 est
1109 3096 1157 3157 hic

79 3201 211 3273 Stoicus,
226 3198 279 3260 sed
294 3198 456 3259 Platonicus
469 3218 569 3255 sensns
584 3209 613 3256 et
623 3218 676 3278 pro
689 3198 740 3258 illo
754 3200 910 3281 capiendus
925 3212 968 3261 est
978 3202 1067 3283 loqui.
1083 3204 1157 3265 Nam

80 3310 187 3368 iterum
199 3306 266 3365 alibi
278 3304 327 3386 (de
342 3305 423 3365 Com.
436 3301 538 3385 Noc),
554 3303 604 3362 uhi
619 3290 728 3365 Stoicos
744 3308 849 3387 carpit,
862 3308 982 3369 miratur
994 3310 1057 3371 illos
1075 3337 1088 3364 a
1102 3313 1159 3372 As-

81 3416 249 3487 sensiones,
264 3424 294 3472 et
306 3413 451 3485 Visiones,
468 3422 497 3470 et
510 3411 611 3483 Artes,
623 3410 813 3473 etMemorias
825 3415 855 3472 in
869 3413 969 3475 Cordis
982 3430 1089 3497 puncto
1104 3440 1159 3499 po-

80 3542 171 3592 nere3
187 3521 237 3579 ubi
254 3532 283 3579 et
294 3519 454 3600 principem
472 3516 581 3576 Anima
594 3528 715 3597 partem.
734 3545 749 3572 a
766 3518 850 3579 Clara
866 3534 933 3581 suat
947 3534 977 3581 et
992 3544 1073 3583 mens
1088 3524 1158 3585 illo-

80 3646 169 3701 rum,
193 3625 300 3685 iontem
317 3624 380 3684 rita
403 3634 432 3683 et
455 3622 648 3704 intelligentia
669 3624 699 3683 in
717 3622 811 3685 Corde
832 3646 916 3701 esse,
939 3626 1003 3688 loco
1021 3628 1116 3689 medio
1131 3642 1160 3691 et

82 3735 251 3817 dignissimo
264 3755 272 3791 ι
286 3752 372 3813 quem
394 3730 456 3810 ipsa
476 3727 582 3789 Natura
599 3728 730 3804 thorace,
753 3732 932 3813 precordiis,
949 3734 1077 3817 undique
1092 3759 1161 3798 mu-

83 3842 161 3901 nivit
178 3863 186 3899 =
203 3860 260 3920 quo
281 3837 348 3897 taso
365 3834 444 3917 (non
465 3836 504 3893 ita
518 3834 549 3893 in
564 3836 627 3894 aliis
643 3836 794 3920 partibus)
811 3838 958 3901 hominem
973 3842 1050 3903 illico
1064 3844 1159 3925 perire

84 3968 238 4007 necessum
253 3957 281 4004 et
299 3943 455 4025 exstingui.
479 3941 525 4001 hb
540 3962 575 4001 co
596 3944 701 4025 igitur,
721 3957 787 4005 ute
812 3948 927 4009 castello
946 3972 1082 4032 aquariam
1106 3952 1159 4012 rivi

87 4054 249 4126 ducuntur,
266 4051 391 4132 reliquas
405 4049 513 4107 Anima
527 4047 675 4109 facultates
690 4050 824 4128 effluere,
842 4065 871 4113 ct
884 4057 942 4115 suis
953 4040 1079 4139 ⁴quasque
1090 4059 1160 4119 locis

88 4182 121 4220 se
141 4159 263 4241 prodere
283 4170 313 4219 et
329 4157 428 4217 usilms
448 4156 566 4215 servire.
590 4156 677 4217 Ridet
689 4156 817 4220 Galenus
832 4160 985 4245 Chrysippi
1005 4166 1035 4223 in
1056 4164 1109 4225 hac
1129 4188 1161 4229 re

91 4276 307 4348 ammentum,
323 4262 401 4345 quod
419 4262 525 4324 Natum
546 4263 608 4344 ipsa
621 4262 741 4338 doceat,
756 4278 786 4327 et
801 4268 905 4329 clamet
918 4270 1013 4332 Animi
1030 4272 1088 4332 rim
1104 4274 1162 4333 illic
