2950 4934
398 477 656 554 nnrsrous
680 483 822 553 xcrv,
1103 489 1148 582 9³

68 641 150 712 opus
167 637 244 685 esse
262 611 367 682 nobis
384 613 501 706 aliquo
518 611 702 698 advocato,
720 615 786 706 qui
801 626 920 684 contra
934 614 1050 708 populi
1063 638 1149 709 prae-

72 751 165 830 cepta
180 733 366 828 praecipiat
379 732 394 800 Ρ
407 730 508 800 Nulla
524 727 569 798 ad
583 751 683 800 sures
696 746 829 800 nostras
844 755 908 800 vor
921 733 1059 825 impune
1073 757 1150 828 per-
1229 825 1233 830 Ἰ

75 853 179 920 fertur
200 877 210 918 ι
235 863 387 930 nocent,
409 848 470 939 qui
497 861 635 941 optant,
655 864 801 933 nocent,
821 850 881 941 qui
900 865 1147 920 exsecrantur:

67 993 149 1038 nam
167 965 348 1070 ethorum
369 965 566 1057 imprecatio
586 963 686 1033 falsos
705 965 804 1032 nobis
823 981 933 1034 metus
952 965 1094 1054 inserit,
1115 983 1151 1038 et

73 1089 209 1156 illomm
220 1107 317 1153 amor
327 1081 415 1152 male
427 1081 525 1151 docet
535 1083 624 1152 bene
635 1083 1025 1178 optand0¹.Mittitenim
1033 1083 1151 1154 nnsad
1175 1104 1207 1158 53

70 1203 265 1298 longinqua
283 1199 395 1282 bona,
416 1209 451 1267 e't
467 1199 598 1266 incerta
614 1213 650 1266 et
666 1199 841 1281 errantia,
860 1217 966 1291 quum
983 1202 1150 1293 possimus

75 1317 274 1388 felicitatem
291 1315 391 1384 domo
407 1336 579 1410 promere.
599 1315 676 1381 Non
690 1313 790 1396 licet,
815 1315 954 1406 inquam
964 1363 975 1400 ,
993 1317 1045 1384 ire
1057 1333 1151 1386 recta

73 1437 128 1503 via
146 1461 156 1502 ι
173 1434 318 1502 trabunt
337 1434 373 1501 in
393 1455 535 1525 pravum
557 1444 738 1525 parentes,
758 1429 900 1498 trahunt
918 1432 1028 1518 servi,
1049 1455 1151 1502 nemo

74 1565 169 1622 errat
183 1551 248 1620 uni
265 1549 354 1636 sibi,
375 1547 437 1618 sed
455 1547 661 1617 dementium
679 1549 811 1642 spargit
830 1549 867 1616 in
885 1549 1076 1641 proximos,
1095 1575 1152 1620 sc-
1242 1572 1245 1577 ’

75 1670 231 1762 cipitque
257 1667 419 1736 invicem.
447 1667 490 1734 Et
513 1664 590 1735 ideo
616 1667 653 1734 in
678 1665 824 1760 singulis
848 1665 931 1734 vitia
947 1667 1150 1761 populorum

77 1801 177 1871 sunt,
200 1785 284 1876 quia
301 1783 359 1851 illa
374 1782 522 1877 populus
541 1781 649 1850 dedit.
676 1783 765 1851 Dum
790 1782 871 1850 lacit
890 1785 1034 1876 quisque
1056 1786 1152 1879 pejo-

75 1923 170 1985 rem,
186 1900 297 1968 fuctus
316 1913 367 1968 est
384 1925 392 1966 ι
410 1897 531 1968 didicit
547 1896 736 1981 deteriora,
755 1896 881 1967 deinde
895 1898 1030 1986 docuit3
1050 1901 1152 1970 clleo
1175 1933 1209 1998 54

71 2033 181 2109 taque
197 2033 250 2086 est
268 2010 392 2108 ingens
406 2015 464 2082 illa
476 2015 653 2108 nequitia,
675 2030 835 2108 congesto
853 2016 892 2084 in
912 2041 1035 2102 unum,
1057 2017 1153 2110 quod

76 2137 202 2228 cuique
220 2135 406 2229 pessimum
427 2133 544 2202 scitur.
568 2133 620 2202 Sit
641 2153 723 2224 crgo
743 2132 868 2224 aliquis
890 2149 1021 2218 custos,
1042 2151 1076 2204 et
1096 2158 1153 2204 su·

76 2273 150 2318 rem
167 2249 315 2318 subinde
331 2248 518 2343 pervellat,
540 2246 724 2340 abigatque
742 2268 917 2330 rumores,
939 2263 974 2316 et
991 2249 1153 2320 reclamet

74 2365 215 2458 populis
230 2363 461 2433 laudantibus.
481 2367 584 2433 Erras
602 2364 714 2447 enim,
735 2363 765 2432 si
780 2363 949 2433 existimus
973 2364 1149 2435 nobiscnm

75 2483 160 2550 vitia
173 2481 293 2549 nasci²
312 2504 321 2546 ι
338 2493 629 2572 supervenerunt,
647 2480 780 2573 ingesta
794 2493 886 2546 sunt.
912 2479 1030 2571 Itaque
1042 2483 1164 2549 moni--

71 2593 229 2662 tionibus
253 2591 387 2661 crebris
407 2586 600 2678 convicia³,
626 2616 702 2687 quae
726 2616 788 2662 nos
809 2595 1058 2664 circumsonant
1065 2649 1075 2686 ,
1095 2620 1151 2666 re-

75 2703 262 2804 pellantur.
290 2708 385 2779 Nulli
412 2703 495 2778 ιιοε6
523 2710 607 2778 vitio
639 2723 760 2780 natura
790 2710 968 2797 conciliat,
995 2712 1147 2808 integros

76 2927 126 2986 tola
142 2928 284 3004 sequentiS
298 2953 308 2986 r
321 2923 434 2988 :Petita
445 2953 502 2999 me,
520 2933 551 2985 ut
562 2935 593 2986 id
640 2933 717 2987 stiam
735 2953 781 2984 ms.
799 2954 827 2984 a.
843 2931 873 2985 in
888 2945 1018 2995 contextu3
1038 2931 1083 2986 scd
1101 2954 1149 2987 su-

74 3015 352 3080 qnodinds'emsuum
362 3014 489 3066 dixeram
501 3010 591 3065 desem
638 3030 717 3084 perne
742 3010 861 3083 scripturn
885 3024 921 3063 est
943 3010 1047 3081 antiqua
1070 3031 1150 3064 mann

77 3092 179 3162 rej'erri,
195 3099 385 3158 reproesentem.
640 3088 728 3140 vocab.
746 3091 859 3142 convicia
879 3088 918 3157 (i.
935 3108 957 3139 e.
971 3089 1085 3141 confusas
1097 3109 1150 3141 vo-

111 3189 133 3221 r.
147 3169 227 3221 Male
238 3167 311 3220 duces
321 3167 384 3220 bene
396 3169 519 3237 optando.
533 3167 593 3239 op·
641 3187 694 3231 ces,
705 3167 858 3238 clamores),
871 3169 942 3240 quod
954 3166 1107 3224 hauddubie
1120 3188 1149 3221 ex

76 3245 153 3297 tando
164 3243 242 3296 nobis
252 3262 283 3295 ea
292 3243 425 3313 quaebona
435 3243 592 3310 existimant,
641 3257 723 3298 vetere
748 3265 857 3318 veraque
881 3245 999 3320 sciiptura
1023 3260 1149 3301 servatum

76 3325 190 3376 sumum
206 3334 324 3374 nostrum
337 3320 367 3373 in
384 3341 495 3374 errorem
509 3321 592 3375 indu·
642 3342 693 3376 csse
707 3323 826 3395 judicavi.
839 3323 919 3380 Sclw.

76 3416 135 3456 eunt
144 3403 176 3455 ds
185 3400 335 3475 appetendis
347 3401 593 3474 fugiendisquctop-
675 3403 699 3467 4.
711 3395 790 3454 Nulli
802 3422 874 3457 uos...
886 3407 980 3473 genud-
997 3402 1092 3456 Anima
1103 3405 1150 3456 in-

77 3495 129 3535 tent
140 3483 212 3535 enim
225 3479 337 3547 divitias,
348 3482 535 3554 potentiam,st
546 3501 594 3537 cse-
642 3479 718 3532 lautis
737 3481 863 3536 nascentis
882 3504 961 3554 quum
979 3496 1037 3536 ants
1060 3502 1150 3556 corpus

77 3573 127 3613 tera
140 3559 257 3613 sunnin.
642 3581 715 3615 suum
731 3581 785 3615 non
800 3563 881 3629 adsit,
892 3565 1011 3636 sequitur,
1025 3577 1083 3617 ante
1097 3564 1151 3634 ejus

108 3641 288 3694 allodium
296 3641 362 3691 vilia
370 3637 592 3692 nusci.Hocenim
644 3660 700 3693 curn
721 3660 825 3712 corpore
846 3642 1048 3714 conjunctionem
1068 3642 1171 3716 nullas?

78 3718 150 3772 stulti
159 3719 262 3772 fortiter
274 3717 405 3783 abnuunt,
417 3731 441 3771 et
450 3717 540 3771 volunt
550 3739 594 3773 ns·
642 3719 760 3774 notiones
773 3721 891 3794 ideasque
904 3723 1014 3788 innatas,
1027 3743 1089 3793 quas
1100 3743 1152 3775 vo-

78 3809 130 3849 tnra
148 3796 233 3850 bonos
259 3796 400 3850 csse-Vide
422 3795 592 3860 Moundll,
642 3797 1154 3873 camus,baberezatqusproptersacom·

78 3875 181 3931 nasus
194 3892 221 3928 x.
233 3875 310 3944 Lips.
643 3873 767 3947 parabant
777 3888 882 3942 veteres,
893 3877 979 3947 utique
991 3876 1086 3943 Stoici,
1097 3897 1153 3930 sam

111 3954 134 4006 3.
149 3957 288 4015 comata,
307 3970 368 4022 qnoe
385 3972 432 4006 nos
450 3955 594 4007 circumso-
644 3971 703 4005 cum
716 3973 778 4026 pura
791 3953 889 4020 charta,
904 3954 930 4006 in
943 3973 991 4024 qua
1004 3974 1059 4027 pars
1071 3955 1154 4007 ratio-

77 4045 153 4099 nant,
160 4030 428 4104 repellanturNulgo,
435 4033 592 4101 opimones...
643 4029 708 4082 nalis
717 4049 737 4082 s.
744 4031 888 4102 principalis
898 4034 935 4096 (rb
943 4035 1075 4099 ἡγεμονιῶν
1084 4034 1153 4101 μέρος

76 4130 277 4178 compescamus.
297 4109 349 4162 Sed
360 4113 521 4180 repellantur
541 4109 591 4162 de·
640 4119 681 4170 τῆς
690 4109 781 4178 ψυχῆς)
791 4109 862 4178 quasi
871 4107 1030 4173 inscriberet,
1042 4127 1099 4178 quae
1109 4129 1154 4182 per

80 4188 135 4241 ders
148 4211 174 4242 o.
186 4211 207 4243 c.
222 4191 260 4241 A.
275 4187 331 4242 Pal.
351 4209 374 4240 a.
393 4200 417 4238 et
435 4186 505 4240 Pius.
523 4188 591 4240 Tum
641 4207 727 4242 sensus
737 4202 762 4241 ct
771 4189 951 4262 experientiam
961 4187 1053 4259 allapsa
1064 4198 1153 4240 essent.

78 4272 207 4332 opr'nioaes
227 4267 338 4340 quidem
362 4287 420 4321 cum
446 4266 502 4320 aliis
525 4279 593 4320 tonet
644 4292 658 4318 a
670 4269 874 4324 Nonsutsmdat
886 4265 1154 4331 nstnravirtutem,sit
