2950 4934
427 487 695 556 EPISTOLA
719 487 825 554 xci.
1116 491 1152 554 51

91 625 229 705 esurias,
246 639 474 702 eucnemon,
494 623 520 690 ei
537 620 599 688 tihi
619 620 773 714 longinr¹
791 621 974 712 contigerit
991 623 1079 688 inter
1094 619 1157 687 lio-

93 742 195 808 ninee
212 761 326 821 mora,
348 752 385 806 et
400 752 562 830 egrotee,
583 753 617 806 et
641 736 765 830 perdas
788 735 939 828 aliquid,
968 751 1002 806 et
1024 721 1156 828 pereae.

92 856 162 920 lton
178 869 229 920 eat
242 867 358 920 tamen
374 849 468 944 quod
486 851 577 931 latia,
599 852 658 944 qui
677 867 708 920 te
726 851 1013 943 circumatrepunt
1026 855 1040 884 ²
1049 899 1060 934 ,
1081 874 1158 918 ere-

94 969 168 1056 dna3
183 971 274 1040 nihil
289 972 415 1038 horum
429 968 555 1039 malum
569 982 637 1050 eat,
655 967 744 1036 nihil
764 966 996 1056 intolerabile,
1016 982 1076 1036 aut
1093 965 1160 1035 du·

94 1113 177 1156 rum.
203 1093 254 1156 Ex
280 1111 449 1158 contentu
475 1089 547 1156 istie
565 1103 674 1156 metue
698 1101 751 1154 eet
773 1112 781 1152 t
802 1087 851 1152 aie
873 1099 1014 1154 mortem
1040 1087 1157 1170 timeo,
1189 1103 1219 1154 ¹9

93 1203 259 1295 quomodo
274 1205 409 1274 lamam.
423 1203 519 1297 Quid
538 1219 649 1272 autem
665 1202 799 1273 stultius
818 1202 954 1269 homine
968 1202 1073 1269 verba
1084 1225 1162 1268 me-

94 1321 231 1388 tuente?
248 1321 433 1415 Eleganter
449 1313 666 1389 Demetriua³
684 1334 800 1388 noeter
819 1318 904 1386 tolet
920 1318 1050 1401 dicere,
1072 1345 1088 1381 n
1105 1341 1163 1386 eo·
1181 1341 1185 1346 ·

94 1437 164 1505 dem
180 1438 256 1506 looo
271 1437 338 1506 aibi
357 1461 430 1505 esee
443 1461 542 1506 voees
558 1437 812 1530 imperitorum,
833 1459 901 1527 quo
920 1451 1037 1503 ventre
1051 1433 1164 1503 reddi-

95 1568 142 1620 tos
156 1552 323 1646 crepitus.
341 1551 437 1644 Quid
450 1553 560 1634 enim,
578 1553 708 1643 inquit,
729 1575 804 1618 mea
822 1550 943 1633 refert,
961 1574 1093 1618 aureum
1107 1552 1163 1618 ini

95 1694 134 1736 an
153 1669 312 1737 deorsum
329 1671 496 1737 sonenti»
507 1669 700 1761 —Quanta
719 1667 889 1736 dementia
904 1682 971 1746 eat,
989 1669 1102 1735 vereri
1119 1691 1164 1735 ne

96 1786 266 1854 infameris
279 1786 323 1854 ab
338 1785 546 1853 infamibus?
561 1782 858 1877 Quemadmodum
873 1783 994 1852 lamam
1011 1785 1165 1851 extimui·

96 1905 150 1970 etia
168 1905 243 1972 aine
261 1927 380 1985 eausa,
397 1903 446 1971 aie
462 1915 496 1970 et
510 1902 585 1984 illa,
605 1927 679 1994 quae
699 1925 872 1993 nunquam
890 1903 1075 1982 timeretis,
1097 1901 1162 1970 niai

97 2019 178 2086 lama
200 2020 369 2110 jussisset.
390 2021 478 2089 Num
503 2015 587 2110 quid
612 2016 807 2085 detrimenti
835 2017 961 2084 laceret
978 2017 1032 2082 vir
1056 2015 1165 2084 bonua
1190 2037 1222 2073 ²⁰

96 2137 219 2227 iniquia
238 2134 434 2203 rumoribus
453 2135 614 2226 sparsus?
629 2135 679 2201 Ne
696 2133 795 2200 morti
813 2130 951 2223 quidem
969 2125 1057 2199 hoel
1073 2133 1165 2224 apud

96 2275 152 2320 noe
174 2266 295 2319 noceat
323 2277 330 2316 :
356 2266 390 2317 et
417 2249 490 2317 haec
508 2248 628 2318 malam
652 2248 862 2316 auditionem
887 2248 991 2317 habet
1005 2241 1030 2315 ⁵.
1058 2251 1164 2318 Nemo

96 2513 242 2566 lieitorbis»
254 2525 300 2565 ete.
313 2511 402 2564 ctio.
415 2509 559 2584 Schulting.
572 2509 603 2562 ad
654 2513 710 2562 inm
725 2511 870 2572 olitionem,
886 2509 956 2579 qnod
970 2530 1017 2562 ma.
1031 2532 1057 2565 n.
1072 2505 1162 2576 dabat,

96 2593 131 2644 ll.
144 2592 249 2644 Seneca.¹
262 2591 364 2642 Suasor.
378 2609 399 2640 r.
411 2588 498 2640 Ruti.
654 2607 797 2662 persuasum
809 2587 972 2640 habuilatere
982 2587 1007 2641 id
1016 2591 1085 2660 quod
1093 2591 1161 2658 dedi,

129 2691 148 2723 t.
156 2669 188 2722 Si
197 2670 247 2721 tibi
253 2671 362 2736 longior.
372 2667 451 2719 lleete
459 2685 506 2718 ms.
517 2687 543 2718 o.
553 2665 604 2718 Alii
653 2667 757 2717 maiam
767 2667 926 2720 auditionem
936 2667 1026 2732 habet,
1037 2668 1053 2720 i.
1067 2689 1087 2722 e.
1097 2669 1163 2722 male

97 2750 171 2822 vulgo
183 2756 220 2812 ei,
232 2751 259 2799 si
270 2747 319 2797 nbi
329 2758 375 2797 ete.
388 2744 470 2799 Scin.
648 2741 733 2806 ¹audit,
744 2742 837 2793 malam
846 2743 941 2795 famam
950 2743 1032 2799 habet.
1040 2745 1164 2800 S.-M0-

127 2849 149 2879 a.
163 2826 222 2896 Qui
236 2835 261 2878 te
276 2826 494 2891 eimumstrepunt.
506 2823 604 2895 Perpe-
652 2823 768 2874 titionem
780 2821 815 2874 eie
827 2821 941 2875 defendit
960 2824 1044 2877 nunt
1060 2847 1073 2873 ιι
1087 2827 1162 2880 llane

97 2927 145 2959 ram
157 2925 216 2976 qna
228 2914 255 2957 te
266 2908 478 2969 circmnstrepnnt
488 2901 527 2954 ed.
537 2901 604 2973 lips.
653 2901 783 2971 antiquam
806 2900 939 2952 lectionem
957 2902 1049 2966 iniere,
1071 2903 1163 2958 docent

98 2997 118 3034 et
129 3001 196 3054 seqq.
207 2979 297 3033 invitia
309 2978 398 3031 mantia.
409 2977 490 3032 Setun.
654 2979 727 3032 eodd.
748 2997 821 3043 inme
841 2997 927 3032 veram
950 2999 1017 3046 eaae,
1038 2997 1163 3037 manarat

127 3059 321 3112 tomeun.
333 3057 374 3108 De
386 3056 517 3110 Demetrio
532 3057 604 3125 cyni-
654 3076 729 3110 nexus
741 3058 813 3110 :noli
823 3058 926 3111 eredere
942 3077 990 3111 nec
1006 3061 1102 3130 iniquia
1118 3083 1162 3114 rn-

97 3157 139 3202 en,
152 3137 237 3190 amieo
250 3136 370 3198 Senem,
382 3137 414 3187 el.
432 3135 463 3187 ad
480 3133 532 3197 lll,
545 3133 605 3187 tde
653 3137 766 3190 marilian
776 3149 851 3207 atque
862 3138 895 3190 iia
906 3139 1027 3212 deprimi,
1041 3161 1088 3194 nee
1100 3144 1161 3215 angi

97 3213 268 3270 Providentia.
282 3213 408 3266 Caeterum
424 3209 506 3264 simile
527 3212 606 3265 facete
653 3217 700 3280 iia,
719 3235 777 3288 qua
795 3219 827 3273 de
847 3231 928 3272 mone
948 3236 1089 3275 ιιιιηιιωι,
1109 3223 1162 3276 Νη

97 3293 191 3346 dietum
201 3290 317 3356 Buderi,
329 3289 423 3360 angli,
435 3289 539 3344 auctorit
551 3309 604 3342 car·
652 3297 755 3350 mnis„
767 3298 846 3352 holm
860 3297 897 3352 53,
910 3320 931 3351 ς,
950 3309 997 3354 ’ω
1013 3302 1090 3356 mni
1107 3303 1161 3358 tm

97 3371 170 3424 Uinii
187 3369 255 3442 eplCl
271 3367 413 3434 fllllllbffl,
426 3365 540 3440 ejusdem
552 3369 604 3420 fele
654 3376 720 3430 fam
736 3375 767 3428 de
784 3395 813 3428 η
830 3377 938 3446 speciem
954 3378 1103 3432 horribilem
1113 3381 1162 3433 cip.

98 3449 238 3524 argnmenti
251 3461 341 3504 notum
354 3461 398 3502 eat.
407 3448 496 3502 liniti.
654 3452 755 3506 eumdet
766 3470 772 3504 :
783 3454 820 3506 nti
835 3454 878 3506 illa
897 3457 965 3508 lama
977 3457 1006 3508 in
1022 3457 1090 3510 bono
1107 3459 1162 3510 viro

127 3532 150 3596 4.
163 3529 206 3582 Ne
218 3531 300 3582 neorii
311 3528 418 3597 quidem
430 3528 499 3578 doc...
510 3535 604 3580 noceat.
653 3531 827 3602 aspergendo,
842 3532 876 3584 ita
888 3533 917 3585 in
930 3546 1010 3586 morte
1023 3538 1162 3589 accusanda

98 3609 161 3672 lint,
169 3608 266 3662 scilieet
275 3607 357 3676 iniqui
368 3624 480 3658 rumores
487 3624 519 3656 ne
530 3605 606 3658 morti
653 3627 768 3660 successu
785 3609 854 3662 bono
876 3611 1023 3663 destituatur
1041 3632 1047 3665 ε
1065 3617 1164 3665 molitio

98 3685 198 3756 quidem
212 3697 321 3737 noeeant
337 3701 346 3734 ·.
361 3702 393 3734 ne
405 3702 552 3735 moveamur
564 3702 606 3734 ea·
656 3684 724 3736 enim
741 3699 777 3737 eat
787 3687 954 3751 machinatio,
969 3689 1028 3740 Nat.
1041 3690 1090 3756 Qu.
1106 3689 1145 3740 lll
1155 3728 1162 3753 ,

99 3763 199 3817 lnmniia
210 3761 346 3816 hominum
363 3761 394 3812 de
407 3761 457 3814 illa.
657 3761 688 3814 30
708 3761 762 3814 init.
775 3763 841 3817 Haec
857 3767 924 3817 iama
939 3771 1042 3819 mnium
1064 3768 1079 3818 i.
1093 3767 1165 3818 mali-

129 3847 153 3896 5.
165 3841 272 3894 Malam
283 3841 446 3892 auditionem
455 3839 538 3892 hahet.
548 3841 607 3892 vat·
656 3857 748 3911 gnam,
762 3841 835 3893 nobis
849 3855 966 3896 terrorem
980 3844 1163 3908 incutientem,

100 3941 129 3994 go
146 3923 248 3972 niniam
268 3919 439 3978 molitionem,
460 3917 528 3988 quod
544 3915 607 3969 nul·
656 3921 830 3984 molitionem,
845 3921 861 3972 i.
872 3935 989 3975 conatum
1000 3922 1083 3975 habet.
1100 3926 1165 3991 Quae

102 3999 121 4050 la
138 3997 314 4050 emendatione
329 3993 442 4067 indigere
459 3995 608 4047 existimavit
656 3998 677 4050 si
687 4018 746 4050 vera
756 3999 819 4066 sint,
831 4000 957 4053 Gronovii
969 4004 1145 4055 emendatione
1158 4025 1164 4052 ι

101 4077 181 4128 llnlil.
193 4077 261 4146 Ego,
278 4074 328 4128 niti
344 4073 497 4146 probabilius
510 4073 607 4146 aliquid
658 4081 762 4130 molam
772 4081 917 4146 opinionem
929 4099 982 4131 non
992 4080 1142 4150 indigemus.
1152 4101 1166 4124 »

101 4159 255 4222 accurrisset,
270 4155 434 4209 Gronoviurn
450 4155 608 4225 probassem,
661 4155 726 4222 Qum
747 4156 916 4226 interpretatio
930 4158 983 4232 ipea
1003 4179 1029 4211 re
1048 4177 1100 4209 non
1114 4159 1168 4209 mi-

101 4240 242 4303 opinionem
250 4236 430 4306 corrigentem.
441 4235 506 4300 Sed,
519 4235 545 4286 in
554 4255 611 4286 mn·
661 4254 708 4288 nus
721 4235 825 4288 obseura
839 4235 913 4288 nobis
926 4236 1032 4290 videtur.
